1837 2928
76 71 95 106 O.
109 74 137 106 11.
432 71 492 107 Mare
530 102 534 108 .
809 74 834 109 85

78 195 156 234 deintus
172 196 291 243 respondeat
306 197 352 235 Noli
367 198 416 236 mihi
431 198 525 236 molestus
541 208 594 236 esse:
610 197 649 234 iam
665 195 735 234 ostium
749 195 835 233 clausum

77 259 113 303 est,
131 258 151 290 et
159 254 215 299 pueri
226 265 301 292 mecum
312 254 332 292 in
343 259 405 293 strato
415 259 463 292 suut
472 268 511 293 non
521 267 601 301 possum
612 265 690 299 surgere
704 257 724 290 et
734 252 780 290 dare
792 251 834 291 tibi,

79 312 89 346 8
113 309 143 347 At
164 309 197 348 ille
213 311 231 348 11
245 312 402 357 perseveraverit
417 312 504 357 pulsans,
526 310 568 350 dico
584 309 646 359 vobis,
672 309 710 347 etsi
725 304 762 347 non
781 308 837 348 dabit

77 365 107 404 illi
130 379 211 413 surgens
233 374 314 415 propter
336 368 445 406 amiciciam
468 373 597 406 veruntamen
619 371 700 413 propter
721 366 837 412 importuni·

76 428 138 461 tatem
154 424 196 462 eius
212 431 280 471 surget
295 431 316 463 et
331 424 387 463 dabit
401 424 431 463 illi
447 430 544 472 quotquot
558 424 618 464 habet
633 422 761 461 necessarios.
782 427 792 460 9
809 422 838 461 Et

76 492 111 526 ego
128 479 184 519 vobis
200 481 243 519 dico
258 481 332 532 Petite,
349 487 369 519 et
384 481 463 520 dabitur
481 481 547 520 vobis:
572 481 662 529 quaerite,
686 485 706 516 et
720 479 835 517 invenietis:

75 537 159 586 pulsate,
176 543 197 575 et
211 538 311 584 aperietur
325 538 387 576 vobis.
421 542 446 576 10
463 537 531 577 Omnis
547 539 598 576 enim
614 537 648 585 qui
662 536 714 582 petit
722 536 799 584 accipit,
816 541 836 573 et

76 594 109 640 qui
125 595 197 639 quaerit
211 595 293 645 invenit,
315 601 335 632 et
349 595 437 641 pulsanti
460 595 564 641 aperietur.
597 598 620 632 11
653 591 702 638 Quis
724 597 790 630 autem
811 604 836 630 ex

75 650 130 688 vobis
145 656 221 696 patrem
232 656 288 698 petet
302 665 378 699 panem,
394 652 483 698 uunquid
497 650 581 697 lapidem
597 650 652 689 dabit
667 649 709 687 illi?
726 654 759 687 aut
774 649 836 695 petie-

75 707 103 744 rit
117 706 169 744 filius
184 714 230 745 tuus
248 708 328 757 piscem,
344 708 432 754 nunquid
447 721 482 753 pro
497 708 551 754 pisce
567 711 677 753 serpentem
692 705 722 743 illi
736 706 836 753 porrigis?
855 739 857 744 ,

78 767 102 801 12
119 765 154 801 aut
168 764 186 802 si
201 777 258 802 ovum
273 765 360 813 petierit,
376 764 464 810 nunquid
481 765 602 810 scorpionem
618 763 694 801 tradis?
719 766 743 801 13
761 761 836 809 Siergo
860 787 863 791 ·

74 833 116 870 vos,
132 833 176 858 cum
191 818 304 871 sitis'mali,
329 821 386 859 scitis
401 820 452 858 bona
468 821 514 858 data
530 820 575 858 dare
591 820 637 857 filiis
660 819 738 866 vestris,
762 825 835 866 quanto

47 871 50 876 ¹
74 878 136 923 magis
151 882 208 922 pater
222 882 289 915 vester
307 877 331 915 de
347 877 394 916 caelo
410 877 465 914 dabit
486 877 559 916 bonnm
582 877 649 915 datum
671 875 785 922 petentibus
800 878 835 913 se?

77 937 102 971 14
126 933 176 971 Haee
191 945 233 971 cum
251 933 334 972 dixisset
349 934 434 972 offerunt
455 933 485 971 illi
508 947 568 971 unum
592 933 733 971 daemoniacum
756 932 837 971 surdum

61 997 96 1027 ’11
110 995 196 1042 matum,
214 996 234 1028 ct
249 996 292 1028 erat
307 991 352 1028 dum
369 990 461 1029 eiiciebat
468 990 584 1029 daemonium
595 990 681 1036 idipsum
695 989 735 1027 fuit
749 996 835 1027 mutum:

75 1057 96 1084 11
111 1059 154 1084 eum
170 1047 261 1084 eiecisset
276 1048 393 1085 daemonium
415 1052 492 1085 mutum
506 1046 583 1084 locutus
599 1053 629 1084 111
644 1051 716 1093 mutus,
733 1051 753 1083 et
768 1059 835 1083 omnes

74 1102 139 1142 turbae
154 1103 282 1142 mirabantur.
315 1108 339 1142 15
356 1103 384 1141 Et
398 1103 477 1149 quidam
493 1115 517 1141 ex
531 1103 563 1141 his
579 1102 670 1141 dicebant
684 1101 709 1140 111
723 1101 834 1140 Beelzebub

74 1160 162 1205 principe
178 1159 319 1197 daemoniorum
334 1160 389 1198 111111
404 1160 511 1199 daemonia:
539 1164 564 1198 rt
586 1160 619 1197 alii
635 1166 700 1197 autem
715 1164 835 1205 temptantes

75 1216 151 1262 signum
167 1215 190 1254 de
207 1215 254 1254 caelo
271 1216 386 1262 quaerebant
401 1216 424 1254 ab
441 1229 469 1255 eo.
503 1217 528 1253 17
558 1215 604 1262 Ipse
619 1216 686 1263 itaque
701 1214 770 1253 videns
786 1215 836 1261 eogi-

74 1273 161 1310 taciones
177 1285 250 1321 eorum,
267 1272 318 1311 dixit
333 1272 357 1310 ad
372 1272 415 1311 illos
432 1270 494 1311 Omna
510 1286 590 1319 regnum
609 1272 630 1309 in
645 1286 666 1310 se
682 1271 766 1310 divisum
782 1271 836 1309 deso-

74 1328 153 1378 labitur,
177 1335 197 1367 et
212 1330 280 1368 domus
296 1343 355 1376 super
370 1329 448 1368 domum
464 1329 522 1368 cadit.
556 1333 580 1367 18
605 1330 632 1367 Et
651 1334 729 1367 satanas
745 1328 797 1367 siin
813 1341 833 1366 se

74 1385 138 1431 ipsum
154 1385 228 1424 divisus
244 1392 281 1437 est,
307 1386 403 1432 quomodo
419 1385 481 1424 stabit
495 1399 575 1433 regnum
591 1386 647 1424 eius?
672 1385 717 1431 quia
733 1385 798 1423 dicitis
813 1385 835 1423 in

72 1441 183 1480 Beelzebub
198 1443 287 1489 principe
302 1444 373 1481 eiicere
384 1443 486 1482 daemonia.
519 1447 543 1480 19
561 1442 639 1481 sivero
651 1455 685 1489 ego
695 1442 716 1479 111
724 1441 834 1480 Beelzebub

74 1499 131 1537 eiioio
147 1499 248 1547 daemonia,
265 1499 302 1538 fflii
316 1500 379 1538 vestri
394 1500 415 1537 in
431 1511 468 1546 quo
484 1500 581 1538 eiieiunt?
601 1504 706 1545 propterea
727 1498 766 1545 ipsi
781 1497 836 1536 vobis

73 1556 147 1594 iudices
164 1562 227 1594 erunt.
259 1561 285 1595 20
303 1556 325 1595 Si
341 1563 405 1595 autem
422 1556 443 1594 in
458 1556 519 1604 digito
536 1555 567 1595 dei
588 1556 645 1594 eiicio
668 1555 769 1604 daemonia,
793 1568 836 1601 pro-

72 1612 125 1651 fecto
140 1614 231 1660 pervenit
246 1626 354 1661 supervos
370 1627 450 1661 regnum
467 1614 504 1652 dei.
526 1618 555 1651 -21
574 1611 656 1659 Quando
672 1613 729 1651 fortis
748 1617 834 1651 armatus

73 1669 135 1709 fuerit
164 1670 263 1709 custodire
288 1671 361 1718 regiam
384 1684 445 1720 suam,
469 1671 489 1708 in
511 1684 559 1717 pace
582 1676 628 1710 sunt
650 1670 754 1708 facultates
780 1670 833 1709 eius:

73 1732 100 1766 22
116 1729 133 1766 11
148 1733 213 1766 autem
229 1727 301 1767 fort-ior
315 1728 349 1766 illo
365 1728 436 1776 aliquis
451 1729 590 1775 superveniens
605 1728 677 1766 vicerit
691 1727 753 1777 illum,
770 1727 834 1765 omnia

72 1798 125 1823 arma
141 1785 183 1823 eius
199 1785 276 1823 auferet
291 1786 311 1823 111
327 1784 398 1832 quibus
414 1785 529 1836 confidebat,
549 1792 569 1824 et
583 1785 646 1832 spolia
661 1785 704 1822 eius
720 1784 833 1823 distribuet.

73 1846 98 1881 23
116 1840 155 1887 Qui
170 1855 208 1880 non
224 1847 255 1880 est
269 1854 345 1881 meeum
361 1843 463 1881 adversum
475 1856 505 1880 me
522 1847 558 1889 est,
575 1848 595 1881 et
610 1842 643 1889 qui
658 1855 697 1880 non
714 1842 787 1888 colligit
795 1855 834 1879 me·

72 1912 115 1937 cum
131 1899 233 1946 dispergit.
265 1902 291 1937 24
323 1897 372 1938 [lum
387 1900 499 1937 immundus
515 1899 597 1945 spiritus
613 1898 684 1937 exierit
709 1898 732 1937 ab
747 1899 833 1948 homine,

70 1955 194 2002 perambulat
208 1969 244 2003 per
258 1955 301 1994 loca
317 1956 372 1994 arida
387 1968 477 2004 quaerens
492 1957 586 2006 requiem,
608 1961 686 1994 etcum
701 1968 740 1993 non
761 1956 834 1993 inveni-

72 2014 111 2051 erit
126 2013 175 2051 dicit
189 2013 289 2051 Revertar
304 2014 324 2051 in
341 2013 419 2051 domum
434 2026 497 2051 meam
512 2013 564 2052 unde
580 2013 638 2052 exivi.
669 2017 695 2050 25
711 2012 739 2050 111
753 2013 834 2051 veniens

71 2069 147 2107 invenit
161 2070 225 2116 scopis
241 2070 353 2107 mundatam
370 2076 390 2108 11
401 2071 537 2116 compositam:
555 2075 580 2108 26
598 2076 644 2108 111111
656 2070 711 2108 vadit
722 2076 742 2108 et
752 2070 835 2108 assumit

70 2125 103 2164 ille
119 2138 202 2171 nequam
217 2126 266 2164 alios
283 2132 357 2173 septem
374 2127 478 2172 nequiores
494 2127 583 2173 spiritus,
607 2133 627 2164 et
642 2128 764 2165 introeuntes
780 2127 834 2164 inha-

70 2182 137 2221 bitant
151 2182 185 2232 ibi,
212 2190 232 2220 et
255 2190 301 2221 sunt
325 2184 432 2221 novissima
452 2184 538 2222 hominis
561 2184 615 2222 illius
638 2184 706 2230 peiora
727 2183 833 2229 prioribus,

71 2242 98 2278 27
113 2240 199 2278 antum
214 2245 245 2277 est
259 2246 324 2278 autem
340 2253 383 2278 cum
400 2241 439 2279 ista
455 2241 536 2291 diceret,
547 2241 617 2280 mulier
633 2240 722 2287 quaedam
738 2241 761 2278 (11
776 2240 834 2279 turba

70 2297 143 2337 levavit
165 2308 232 2335 vocem
255 2302 275 2334 et
300 2296 351 2334 dixit
374 2298 393 2335 ci
407 2297 483 2336 Beatus
506 2306 575 2337 veuter
598 2298 631 2344 qui
654 2304 674 2336 te
696 2297 789 2346 portavit,
813 2304 833 2335 et

69 2354 189 2401 uberaquae
205 2353 282 2394 suxisti.
314 2357 340 2391 28
363 2353 410 2401 Ipse
433 2368 479 2394 vero
503 2355 554 2393 dixit
574 2356 592 2393 ei
613 2354 655 2393 [mo
674 2354 728 2393 beati
748 2354 782 2401 qui
801 2367 834 2392 au·

71 2412 128 2450 diunt
142 2410 223 2450 verbum
239 2411 271 2449 dei
287 2415 307 2449 et
322 2411 443 2450 custodiunt.
475 2417 501 2451 211
527 2413 600 2452 Turbis
624 2418 690 2451 autem
712 2412 843 2460 congregatis

70 2470 135 2516 coepit
150 2468 225 2509 dicere:
247 2468 356 2516 Progenies
378 2469 418 2506 ista
439 2471 542 2517 progenies
565 2482 648 2516 nequam
671 2474 702 2508 est
722 2475 742 2507 et
757 2469 834 2516 signum

71 2527 150 2577 quaerit,
166 2531 186 2564 et
201 2527 278 2573 signum
294 2539 332 2564 non
348 2524 428 2565 dabitur
443 2526 473 2565 illi
488 2527 527 2565 11111
542 2528 618 2575 signum
634 2526 695 2575 Ionae,
720 2531 745 2565 30
776 2525 834 2565 Sicut

71 2585 122 2622 enim
137 2583 177 2621 fuit
192 2583 251 2622 Ionas
267 2584 343 2631 signum
353 2581 457 2632 Ninivitis,
474 2585 503 2622 sic
519 2584 558 2623 erit
573 2590 593 2623 et
603 2584 655 2622 filius
670 2584 755 2622 hominis
770 2584 792 2621 in
802 2597 834 2631 ge-

70 2640 173 2679 neracione
188 2641 231 2678 hac.
264 2644 287 2678 31
319 2640 398 2686 Regina
421 2641 484 2679 austri
499 2648 567 2688 surget
582 2642 601 2680 in
622 2641 695 2679 iudicio
718 2652 762 2679 cum
784 2641 834 2680 viris

69 2697 202 2745 generationis
217 2697 276 2735 11111111
292 2703 313 2735 11
328 2696 428 2735 damnabit
443 2697 493 2748 11111,
518 2699 564 2746 quia
578 2698 633 2737 venit
656 2712 667 2736 a
685 2692 757 2738 finibus
773 2704 833 2737 111111

69 2755 137 2794 audire
153 2754 271 2801 sapienciam
287 2753 406 2793 Salomonis:
425 2764 445 2793 et
460 2767 504 2794 ecce
519 2756 564 2803 plus
579 2756 612 2794 hic
627 2768 685 2801 quam
702 2754 832 2795 Salomonem.
