1837 2928
51 78 70 114 O.
83 81 110 113 23.
124 80 152 111 24.
404 76 448 110 Luc.
764 80 810 115 105

53 204 101 251 quid
115 204 198 244 faciunt.
227 200 349 240 Dividebant
364 207 428 240 autem
443 201 561 241 vestimenta
584 201 625 239 eius
647 202 748 241 mittentes
771 217 810 243 sor-

51 268 98 300 tem.
130 265 154 299 35
171 260 199 298 Et
214 258 279 297 stabat
303 257 387 305 populus
412 265 509 307 spectans,
533 258 642 297 irridebant
664 266 728 298 autem
754 261 811 299 illum

50 318 150 364 principes
167 323 187 355 et
202 315 293 354 dicebant
303 314 361 353 Alios
377 315 440 353 salvos
455 315 528 366 fecisti
544 316 629 361 teipsum
644 316 703 363 salva7
719 319 736 355 si
751 323 774 356 tu
789 331 812 356 es

51 373 143 413 Christus
159 373 232 412 electus
248 372 286 411 dci.
318 376 343 410 36
369 371 495 410 insultabant
510 378 574 409 autem
590 372 619 409 illi
635 377 655 410 et
669 374 742 412 milites
757 386 809 413 acce-

50 431 118 469 dentes
135 436 155 468 et
171 436 247 468 acetum
263 428 373 478 offerentes,
406 429 431 467 31
455 435 476 466 11
491 429 577 466 dicentes
593 428 637 466 Ave
652 441 687 467 rex
701 430 809 470 ludaeorum

51 487 112 527 libera
127 494 154 525 te.
169 486 310 533 imposuerunt
324 490 389 523 autem
405 485 434 522 illi
450 491 471 522 ct
489 485 575 531 spineam
592 498 688 524 coronam.
720 491 745 525 38
761 489 813 526 Fuit

50 550 115 582 autem
132 550 152 582 et
166 544 249 589 soripcio
264 543 338 589 scripta
354 555 413 588 super
427 541 482 579 illum
497 541 570 579 litteris
585 541 689 581 Hebraicis
705 542 774 582 Graece
789 550 810 582 et

49 600 120 639 Latine
131 601 175 638 Rex
183 599 302 638 Indaeorum.
320 603 345 636 39
361 598 418 637 Unus
427 602 492 636 antem
506 610 531 636 ax
540 598 649 637 latronibus
664 601 697 645 qui
712 600 813 646 pendebat-

48 656 197 704 blasphemabat
210 656 266 693 illum
281 655 346 693 dicens
362 654 384 693 si
399 660 422 692 tu
437 668 457 692 es
466 653 564 704 Christus,
579 655 654 693 salvum
661 660 681 694 te
689 657 720 694 fac
731 662 751 695 et
766 670 807 696 nos.

49 717 76 752 40
92 713 219 760 Respondens
235 719 300 750 autem
316 712 365 749 alius
381 711 500 759 corripiebat
524 711 579 749 illum
602 711 668 751 dicens
683 713 728 751 Non
750 714 811 751 times-

48 777 72 808 tu
87 771 150 820 deum,
166 769 258 815 quoniam
273 769 295 805 in
310 768 435 805 damnacione
451 769 486 805 es?
516 770 540 805 41
562 768 589 805 Et
605 782 639 807 nos
655 769 733 816 quidem
756 771 810 808 iuste>

49 826 106 872 digne
118 827 169 863 enim
181 824 286 863 seeundum
298 835 342 870 quae
357 823 439 861 fecimus
454 830 475 861 et
489 825 622 869 percepimus:
639 826 671 862 hic
686 838 732 864 vero
747 827 809 863 nichil

48 882 95 920 mali
110 882 195 921 admisit.
227 884 253 918 42
275 879 304 917 Et
326 880 404 918 dicebat
427 879 533 917 odiosum
556 879 647 930 Domine,
670 884 744 920 memor
766 887 811 920 esto

48 938 87 976 11111
103 950 146 976 cum
160 937 238 976 veneris
253 937 274 975 in
289 949 369 983 regnum
385 941 447 975 tuum.
474 937 499 974 43
517 935 544 974 111
560 937 611 975 dixit
626 938 645 975 ei
659 936 810 976 IesusOredis?

49 996 112 1032 Amen
129 995 172 1032 dico
188 993 232 1044 ubi,
248 994 300 1040 quod
314 993 373 1030 hodie
389 1004 465 1030 mecum
482 993 520 1029 eris
535 993 555 1030 in
570 994 668 1039 paradiso.
699 996 725 1031 44
751 995 810 1032 Hora

49 1058 115 1089 autem
130 1050 169 1088 fnit
185 1051 241 1096 quasi
256 1054 312 1087 sexta
327 1055 348 1087 et
361 1049 449 1088 tenebrae
464 1049 522 1086 factae
538 1057 584 1087 sunt
605 1064 663 1097 super
685 1055 747 1088 totam
768 1056 807 1088 ter-

48 1120 91 1145 ram
111 1120 173 1152 usque
195 1108 216 1144 in
236 1103 403 1154 11111111111111Ἰ
433 1107 458 1142 45
482 1105 620 1144 Tenebricavit
641 1107 676 1155 sol,
700 1113 720 1144 et
741 1107 808 1145 velum

48 1164 117 1210 templi
132 1163 214 1201 scissum
230 1168 261 1199 est
275 1160 366 1200 medinm.
405 1163 430 1198 46
458 1161 486 1199 Et
501 1161 617 1200 exclamavit
632 1175 679 1200 voce
694 1163 807 1210 magnale·

48 1233 81 1258 sus
97 1225 117 1258 et
133 1219 183 1257 dixit
198 1218 265 1269 Pater,
289 1218 309 1256 in
329 1230 398 1256 manus
420 1222 465 1256 tuas
488 1219 600 1257 commando
622 1219 713 1266 spiritum
735 1233 807 1260 meum.

48 1277 92 1316 Hoc
108 1283 173 1315 autam
190 1290 233 1315 cum
255 1276 339 1314 dixisset
361 1275 474 1323 exspiravit.
505 1277 531 1314 47
563 1274 656 1315 Centurio
679 1282 745 1315 autem
763 1291 808 1315 cum·

47 1335 124 1373 videret
139 1333 271 1384 (1111111111,
287 1333 406 1372 clarificabat
421 1332 478 1371 deum
494 1333 546 1387 (ruod
561 1334 635 1372 factum
650 1338 681 1372 est
696 1334 807 1373 1111111111-

47 1405 94 1430 1111
102 1392 141 1430 iste
156 1391 214 1429 homo
229 1392 294 1428 iustus
309 1395 345 1431 est.
376 1392 402 1428 48
418 1389 446 1428 Et
461 1403 528 1428 omnes
543 1392 577 1436 qui
592 1391 807 1438 interfueruntspecta-

48 1448 91 1487 culo
106 1447 171 1486 turbae
187 1460 230 1486 cum
244 1447 342 1486 vidissent
356 1460 400 1494 quae
415 1447 468 1485 facta
483 1453 529 1485 sunt
535 1449 670 1494 percucientes
677 1448 753 1487 frontes
761 1462 810 1487 suas

46 1505 204 1556 revertebantur,
234 1506 259 1543 49
277 1503 362 1543 Stabant
376 1508 441 1542 autem
458 1517 524 1542 omnes
539 1505 582 1543 noti
597 1506 639 1544 eius
656 1505 679 1543 de
694 1506 806 1556 longinquo,

47 1570 68 1601 et
83 1562 176 1601 mulieres
192 1575 259 1600 eornm
275 1573 319 1607 quae
334 1567 408 1600 secutae
431 1566 487 1599 eraut
509 1561 563 1600 illum
579 1576 590 1600 1
606 1561 693 1611 Galilaea,
717 1562 811 1602 videntes>

47 1620 92 1659 ista.
124 1623 150 1658 50
166 1619 193 1657 Et
209 1632 253 1657 ecce
269 1619 300 1657 vir
315 1618 393 1665 qnidam
409 1618 487 1656 nomine
502 1618 574 1665 Ioseph
591 1620 614 1657 de
635 1620 715 1658 civitate
730 1620 806 1658 Arima-

47 1676 89 1714 11111
104 1690 148 1715 cnm
164 1683 217 1714 esset
232 1676 319 1720 decurio,
335 1677 370 1722 qni
385 1675 476 1722 sperabat
490 1689 571 1723 regnum
587 1677 618 1714 dei
630 1682 654 1714 'et-
668 1676 805 1723 bonushomo,

48 1738 71 1771 51
90 1747 128 1772 non
144 1734 269 1772 consenciens
285 1733 366 1772 consilio
382 1738 402 1770 et
417 1733 471 1771 actui
486 1744 562 1772 eorum:
594 1738 619 1772 52
635 1734 668 1772 hic
683 1735 766 1772 accessit
781 1734 809 1772 ad

46 1790 134 1828 Pilatum
157 1792 177 1830 et
199 1790 259 1836 petiit
281 1803 351 1838 corpus
373 1789 427 1828 lesu.
464 1789 542 1828 Pilatus
565 1796 630 1829 autem
651 1803 693 1828 cuni
718 1791 810 1830 audisset

47 1848 93 1894 quia
123 1846 233 1893 exspiravit
262 1846 377 1885 clarificavit
405 1845 504 1884 dominum
536 1849 556 1884 et
581 1846 661 1885 donavit
684 1860 753 1893 corpus
774 1846 806 1886 Io·

46 1904 102 1955 seph,
133 1907 157 1941 53
184 1902 257 1950 loseph
279 1912 344 1941 aut-em
367 1902 458 1949 deposuit
480 1914 550 1949 corpus
572 1909 593 1941 et
614 1903 697 1942 involvit
719 1904 738 1942 in
762 1917 805 1949 syn-

46 1960 102 2010 done,
130 1966 150 1998 et
177 1961 244 2007 posuit
268 1960 318 1999 illud
341 1960 361 1997 in
386 1966 511 1998 monumento
536 1960 625 2007 perfosso
648 1960 668 1998 in
689 1966 746 2007 petra
771 1960 808 1999 ubi

46 2031 102 2055 nemo
118 2017 157 2055 fuit
171 2018 254 2063 positus.
285 2017 370 2055 Etcum
387 2017 463 2063 positus
479 2023 532 2055 esset
554 2017 574 2055 in
595 2023 720 2056 monumento
735 2030 805 2065 posue-

46 2080 92 2112 runt
107 2073 198 2120 1111111111,Ι
215 2086 272 2119 quem
287 2075 322 2111 vix
335 2072 380 2111 XX
390 2072 501 2112 volvebant.
518 2077 543 2111 54
560 2074 608 2112 Fuit
619 2080 684 2112 autem
695 2075 737 2113 dies
746 2086 810 2113 caenae·

47 2143 103 2176 purae
119 2136 163 2168 ante
180 2129 292 2168 Sabbatum.
330 2129 408 2168 Secuta
428 2137 474 2167 sunt
489 2135 554 2168 autem
569 2131 661 2169 mulieres
683 2142 727 2178 quac
749 2145 806 2169 vene·

45 2193 90 2225 rent
105 2198 117 2224 a
132 2186 221 2235 Galilaea,
242 2192 261 2224 et
277 2186 370 2224 viderunt
387 2193 533 2224 monumentum
558 2192 578 2225 et
601 2187 696 2232 quomodo
718 2188 807 2233 positum

46 2250 77 2281 est
99 2254 169 2290 corpus
190 2245 238 2293 eius,
270 2247 295 2282 511
320 2247 339 2281 11
358 2255 443 2281 reversae
465 2249 584 2290 paraverunt
606 2249 692 2282 aromata
715 2250 735 2281 et
758 2257 807 2291 ung-2

45 2306 138 2339 uentum:
154 2305 174 2338 et
189 2298 270 2338 sabbato
286 2300 365 2345 quidem
381 2300 498 2346 quieverunt
513 2300 618 2338 secundum
634 2300 751 2340 mandatum.

103 2356 182 2395 XXIV.
204 2356 213 2408 l'
226 2355 270 2395 Uno
286 2361 352 2394 antem
367 2355 444 2395 sabbati
458 2357 589 2396 veneruntad
600 2362 745 2395 monumentum
756 2357 808 2395 dila--

46 2413 89 2452 culo
100 2414 186 2464 ferentes
195 2424 315 2461 quaecunque
323 2419 449 2459 paraverunt.
466 2412 583 2460 Gogitabant
591 2419 656 2451 autem
664 2414 716 2451 inter
725 2427 745 2451 se
753 2414 805 2460 quis·

46 2483 89 2508 nam
106 2475 159 2508 esset
174 2470 207 2517 qui
221 2469 331 2507 revolveret
346 2469 438 2515 lapidem.
470 2469 524 2507 2Et
540 2481 584 2507 cum
605 2470 706 2508 venissent
726 2471 804 2508 invene-

46 2524 491 2577 111111111111111111111111111111111,
523 2531 533 2564 3
559 2525 608 2564 cum
622 2526 723 2564 venissent
738 2531 804 2564 autem

46 2596 84 2632 non
99 2584 217 2621 invenerunt
231 2595 301 2628 corpus
317 2581 390 2619 domini
405 2580 459 2620 lesu.
490 2585 502 2620 4
524 2583 553 2620 Et
567 2583 641 2620 factum
656 2582 748 2626 estdum
763 2588 804 2620 stu-

45 2645 115 2685 perent
130 2639 154 2677 de
176 2641 220 2688 hoo,
235 2651 279 2676 ecce
296 2638 333 2676 duo
348 2638 387 2675 viri
402 2639 510 2677 astiterunt
525 2650 581 2677 secus
596 2638 640 2676 illas
655 2638 676 2676 in
695 2643 750 2690 veste
766 2639 805 2677 ful·

45 2702 112 2744 gente:
139 2701 149 2735 5
167 2695 285 2736 Conterritae
301 2701 365 2733 autem
381 2694 526 2734 inclinaverunt
543 2695 612 2734 faciem
628 2695 648 2733 in
663 2700 743 2735 terram.
769 2695 804 2735 Eli

44 2760 111 2793 autem
126 2754 219 2793 dixerunt
227 2752 289 2800 Quem
298 2753 401 2800 quaeritis?
416 2753 482 2792 lesum
491 2753 629 2793 Nazarenum?
646 2757 656 2792 t
666 2753 784 2793 Resurrexit
793 2768 805 2792 a
