1837 2928
62 56 84 92 O.
100 60 129 94 12.
142 60 170 92 13.
416 59 459 92 Luc,
797 61 826 96 89=

62 184 119 222 vadis
136 195 179 222 oum
195 182 306 222 adversario
322 189 356 221 tuo
372 184 397 222 ud
411 184 547 231 magistratum
562 183 583 220 111
597 183 630 220 via
645 182 669 220 da
684 196 763 229 operam
777 182 827 222 libe-

62 240 103 279 rari
119 240 142 278 ab
157 240 198 290 illo,
214 252 239 277 ne
254 239 306 277 fort-e
321 239 388 278 tradat
402 246 422 278 te
438 240 490 287 apud
504 239 589 278 iudicem
613 244 633 276 et
647 239 706 277 iudex
721 240 788 278 tradat
802 245 824 277 te

63 297 151 335 exactori
166 302 186 334 et
201 302 281 334 exactor
295 296 364 334 mittat
378 300 398 335 11
413 297 434 335 in
456 308 560 335 carcerem.
595 299 619 333 59
645 295 695 334 Dico
717 296 761 346 tibi,
783 310 825 335 non.

62 353 116 392 exies
131 353 177 391 inde
193 352 254 391 donec
270 353 330 391 etiam
344 353 415 392 reddas
431 353 559 398 novissimum
575 351 708 399 quadrantem.

119 406 176 452 lllll.
209 410 227 448 1'
236 409 339 448 Venerunt
354 416 418 449 autom
435 411 456 448 in
471 411 514 456 ipso
525 415 612 455 tempore
622 408 700 454 quidam
708 410 827 447 nunciantes

62 465 93 504 illi
108 465 237 505 de-Galilaeis
253 479 335 515 quorum
351 467 464 514 sanguinem
479 466 557 504 Pilatus
572 465 653 506 miscuit
668 478 711 503 oum
722 466 823 504 sacrificiis

62 536 135 564 eorum.
168 528 179 561 2
198 523 226 562 111
240 523 360 570 respondens
375 524 432 562 Iesus
448 523 500 562 dixit
514 522 554 561 illis
569 522 649 560 Putatis
665 521 718 569 quod
731 522 753 560 111
769 521 822 561 Gali·

61 579 95 618 laoi
110 593 152 627 prae
168 580 257 620 omnibus
273 579 361 620 Gulilaeis
376 581 458 619 fuerunt
471 581 597 627 peccatores?
614 584 624 617 3
641 578 686 617 Non
702 578 744 617 dico
760 578 823 629 robis,

60 637 99 675 nisi
121 637 258 684 poenitenciam
282 637 399 688 habueritis,
423 650 489 675 omnes
511 636 603 675 similiter
624 635 721 682 peribitis.
750 639 762 673 t
793 636 827 675 Si—

61 699 96 731 cut
117 693 147 731 illi
167 693 244 731 XVIII
267 707 327 740 supra
350 706 398 740 quos
420 694 492 732 cecidit
514 693 576 730 turris
602 692 623 729 in
638 691 711 730 Siloam
734 698 754 730 et
774 694 822 731 occi-

62 749 91 787 dit
114 762 154 799 eos,
177 749 252 795 putatis
275 749 327 796 quod
348 756 369 788 et
388 750 428 796 ipsi
450 749 549 787 debitores
568 749 649 785 fuerunt
666 753 741 794 praeter
756 762 826 787 omnes»

60 805 150 842 homines
164 805 278 842 habitantes
294 805 314 842 in
329 804 451 842 Ierusalem?
468 809 478 842 5
495 804 541 841 Non
556 803 599 841 dico
611 803 667 841 robis
683 804 748 842 sinon
762 806 825 850 paeni-

60 861 141 899 tueritis
157 860 249 899 similiter
263 860 354 907 peribitis
365 874 437 900 omnes,
455 865 465 899 6
483 859 567 898 Dicebat
587 864 652 897 autem
667 859 717 897 hanc
732 859 825 898 similitu-

61 917 125 956 dinem
156 916 253 956 Arborem
275 917 307 956 fioi
329 917 400 957 habuit
415 917 495 964 quidam
509 916 617 964 plantatam
633 916 654 953 in
668 916 744 954 vineam
760 929 821 968 suam,

61 981 82 1013 et
96 975 152 1013 111111
166 974 252 1015 fructum
268 987 358 1020 quaerens
373 975 394 1012 in
409 974 462 1012 illuni
478 979 499 1012 et
513 986 552 1011 non
566 972 647 1012 inuenit.
675 974 691 1011 ,1
716 973 774 1012 Dixit
789 988 824 1013 au·
841 986 843 988 ·

62 1036 100 1068 tem
116 1031 141 1068 ad
156 1030 250 1069 cultorem
265 1031 328 1069 uineae
343 1031 395 1070 Ecce
413 1032 459 1069 anni
474 1036 515 1069 tres
537 1036 584 1067 sunt
599 1043 623 1067 11
645 1042 689 1076 quo,
704 1030 749 1067 veni
769 1043 823 1076 quaem

60 1099 105 1124 rens
121 1086 208 1124 fructum
222 1087 244 1124 in
258 1087 341 1125 ficulnea
355 1087 392 1124 hac
406 1093 427 1124 et
441 1100 480 1124 non
494 1086 583 1124 invenio:
600 1086 678 1123 succide
694 1099 739 1133 ergo
754 1086 821 1127 illam:

60 1149 83 1180 ut
98 1142 146 1190 quid
161 1143 220 1180 etiam
236 1148 309 1180 terram
325 1139 421 1189 occupat?
453 1146 464 1181 8
491 1143 521 1180 At
546 1141 579 1179 ille
595 1142 713 1187 respondens
737 1141 788 1180 dixit
802 1144 821 1180 ei

60 1198 150 1249 Domine,
166 1199 247 1238 remitte
262 1199 315 1238 illam
332 1205 351 1238 et
366 1201 404 1239 hoc
419 1212 474 1247 anno,
491 1211 553 1247 usque
569 1197 615 1236 dum
625 1197 698 1236 fodiam
706 1198 757 1236 circa
767 1198 822 1237 illam

61 1263 81 1296 et
96 1258 173 1296 mittum
189 1257 207 1295 ei
223 1257 305 1296 cofinum
321 1258 425 1309 stercoris,
450 1262 461 1297 9
477 1263 501 1295 ut
516 1257 533 1296 si
548 1255 627 1303 quidem
645 1256 715 1295 fecerit
724 1256 822 1296 fructum:

61 1316 91 1353 sin
107 1320 179 1364 autem,
194 1315 215 1352 in
230 1315 319 1353 futurum
336 1316 424 1354 succides
441 1328 488 1354 eam.
521 1318 546 1353 10
567 1314 618 1352 Erat
634 1320 698 1352 autem
715 1315 785 1353 docens
799 1316 821 1353 in

60 1384 158 1418 synagoga
173 1384 240 1409 eorum
254 1371 348 1411 sabbatis.
380 1376 404 1409 11
429 1372 457 1410 111
472 1384 516 1409 ecoe
531 1370 602 1408 mulier
618 1382 661 1415 quae
676 1370 746 1408 habuit
764 1372 820 1417 spiri-

59 1434 101 1467 tum
124 1428 244 1466 infirmitatis
263 1429 318 1467 annis
340 1427 423 1478 XVIII,
448 1433 469 1467 11
491 1433 534 1466 erat
558 1427 657 1479 inclinata,
681 1440 717 1466 neo
742 1428 820 1467 omnino

59 1491 137 1532 poterat
160 1498 236 1524 sursum
259 1486 362 1533 respicere.
396 1490 421 1524 12
449 1484 511 1531 Quam
535 1498 578 1524 oum
600 1485 684 1523 vidisset
706 1483 770 1537 Iesus⁷
788 1498 821 1524 vo·

60 1543 113 1581 eavit
128 1543 152 1581 ad
168 1556 188 1581 se
204 1550 225 1581 et
247 1544 276 1581 ait
298 1543 327 1582 illi
342 1543 422 1593 Mulier,
446 1543 527 1581 dimissa
549 1555 569 1580 es
592 1541 616 1581 ab
638 1542 752 1581 infirmitate
777 1546 819 1594 tun,

61 1601 85 1636 13
102 1598 130 1636 Et
140 1599 234 1644 imposuit
244 1600 273 1637 illi
283 1611 370 1637 manum:
387 1607 407 1637 et
418 1600 521 1637 confestim
532 1603 597 1637 erecta
607 1604 644 1644 est,
659 1604 679 1636 et
688 1600 819 1646 magnificavit

59 1654 122 1693 deum.
155 1658 180 1692 14
196 1655 324 1702 Respondens
333 1662 398 1694 autem
409 1656 579 1703 archisynagogus,
595 1655 707 1701 indignatus
721 1660 751 1692 est
766 1657 819 1702 quod

59 1711 139 1750 sabbato
156 1718 234 1750 curaret
249 1711 312 1762 Iesus,
336 1712 413 1751 dicebat
428 1718 494 1751 autem
515 1711 578 1750 turbis
603 1710 643 1750 Sex
666 1710 707 1749 dies
729 1718 776 1750 sunt
797 1713 820 1750 in-

59 1768 129 1815 quibus
145 1773 223 1815 oportet
238 1770 324 1815 operari:
340 1770 361 1806 in
375 1770 407 1807 his
423 1782 468 1816 ergo
483 1769 549 1807 venite
564 1774 585 1806 11
599 1768 700 1817 curamini⁷
716 1774 736 1806 et
744 1782 782 1807 non
797 1770 819 1807 in

59 1825 90 1863 die
106 1824 188 1863 sabbati.
222 1830 245 1863 15
271 1825 399 1872 Respondens
415 1832 480 1864 autem
496 1826 521 1864 ad
535 1825 591 1863 illum
606 1825 696 1863 dominus
712 1825 762 1863 dixit
775 1826 820 1872 Hy·

57 1881 146 1930 pocritae,
162 1882 296 1929 unusquisque
312 1888 400 1921 vestrum
415 1882 495 1922 sabbato
509 1895 548 1920 non
562 1881 621 1920 soluit
627 1880 698 1919 bovem
711 1894 767 1920 suum
783 1889 818 1921 aut

59 1938 135 1976 asinum
151 1952 162 1976 a
179 1939 276 1985 praesepio
292 1948 312 1977 et
327 1939 383 1977 ducit
398 1939 509 1985 adaquare?
541 1942 565 1976 15
596 1937 653 1976 Hanc
678 1944 743 1977 autem
758 1938 818 1978 filiam

57 1994 150 2042 Abrabae,
175 2007 232 2040 quam
255 1995 343 2041 alligavit
365 2000 442 2033 satanas
465 1995 486 2033 X
506 2001 526 2033 et
547 1994 603 2032 VIII
625 1995 687 2045 annis,
710 2008 748 2033 non
764 2008 819 2042 opor·

57 2051 97 2087 tuit
121 2050 170 2088 solvi
192 2051 298 2089 avinculo
319 2051 359 2088 isto
382 2051 414 2088 die
436 2051 530 2089 sabbati?
561 2051 586 2088 11
609 2050 638 2088 Et
660 2064 703 2088 oum
725 2051 769 2089 haec
790 2052 819 2090 di-

58 2110 117 2154 ceret,
134 2105 275 2144 erubescebant
291 2119 357 2144 omnes
373 2106 481 2145 adversarii
496 2107 545 2155 eius,
562 2112 582 2143 et
597 2106 659 2143 omnis
674 2108 758 2152 populus
773 2121 818 2153 gau·

57 2161 116 2200 debat
130 2161 151 2199 in
166 2162 266 2209 praeclaris
282 2173 326 2210 quae
341 2162 432 2201 1111111111
447 2163 490 2201 lieri
505 2164 528 2200 ab
545 2175 573 2200 eo.
606 2165 630 2200 18
652 2162 736 2200 Dicebat
752 2169 817 2201 autem

58 2216 95 2258 Uni
117 2218 184 2258 simile
209 2224 240 2257 est
261 2232 342 2267 regnum
373 2219 411 2267 dei,
437 2225 457 2258 et
482 2219 514 2258 eui
536 2218 599 2258 simile
629 2218 678 2257 illud
700 2219 817 2259 aestimabo?

59 2281 83 2316 19
100 2275 168 2316 Simile
187 2282 217 2316 est
231 2290 312 2325 regnum
328 2277 360 2316 dei
375 2291 434 2325 grano
458 2278 538 2328 sinapis,
563 2276 614 2324 quod
637 2284 736 2325 acceptum
758 2278 818 2317 homo

56 2335 112 2373 misit
133 2335 153 2374 in
176 2343 240 2374 ortum
256 2348 319 2384 suum,
346 2341 366 2374 et
382 2337 445 2375 111111
460 2342 480 2374 11
494 2335 548 2374 faeta
567 2342 597 2373 est
620 2335 677 2374 arbor
698 2349 773 2386 magna,
797 2343 818 2375 et

56 2392 145 2431 volucres
161 2392 204 2442 caeli
219 2393 358 2440 requieverunt
372 2393 393 2430 in
408 2393 468 2431 ramis
484 2393 532 2431 eius.
553 2396 579 2432 20
595 2392 624 2431 Ilt
638 2393 710 2432 iterum
721 2393 772 2431 dixit
780 2391 817 2433 (lui

56 2448 119 2487 simile
135 2448 237 2488 aestimabo
252 2463 333 2496 regnum
349 2449 394 2487 dei?
425 2455 449 2488 21
468 2449 536 2488 Simile
552 2456 583 2488 ost
597 2449 700 2499 fermento,
721 2451 772 2497 quod
788 2464 817 2489 ao-

58 2512 136 2552 oeptum
151 2507 223 2545 mulier
238 2505 340 2545 abscondit
354 2505 374 2543 in
389 2506 473 2544 farinam
481 2507 542 2545 donec
557 2507 816 2546 11111111111111111111111111.

57 2567 84 2600 22
105 2562 133 2600 Et
148 2562 190 2601 ibat
204 2576 240 2609 per
255 2563 345 2601 ciuitates
361 2570 382 2600 et
397 2562 477 2601 castella
501 2564 572 2602 docens
597 2569 617 2601 11
639 2564 678 2601 1111
699 2563 773 2602 faciens
796 2565 818 2603 in

54 2618 169 2657 Ierusalem.
200 2619 417 2665 annuntiatricum
432 2619 523 2669 Domine,
547 2620 564 2658 si
578 2619 636 2666 pauci
658 2613 704 2657 sunt
719 2620 753 2667 qui
768 2621 818 2661 salvi

55 2674 117 2714 fiunt?
139 2675 185 2722 Ipse
208 2682 274 2714 autem
293 2676 344 2714 dixit
366 2675 391 2713 ad
414 2675 464 2715 illos.
496 2679 522 2714 24
547 2675 664 2715 Contendite
685 2677 760 2715 intrare
782 2691 818 2725 per

55 2738 156 2780 angustam
181 2741 269 2780 portani:
293 2732 339 2780 quia
361 2732 404 2771 dico
426 2732 489 2783 vobis,
504 2733 563 2772 multi
585 2737 677 2780 quaerunt
699 2733 774 2773 intrare
797 2741 819 2774 et
