1869 2914
170 87 197 122 48
513 81 548 117 111.
562 91 599 117 see.
879 82 899 117 Ο.
913 82 929 115 6,

166 221 214 246 vero
229 221 288 245 unum
303 208 333 256 111,
349 209 458 255 prophetis.
487 212 511 246 13
529 206 572 253 Quo
588 207 655 247 audito
678 207 768 246 Herodes
792 207 843 246 dixit
865 205 929 254 Quem

166 278 202 311 ego
218 264 313 303 decollavi
328 264 441 315 Iohannem,
458 266 491 304 hic
506 265 616 303 resurrexit
630 278 642 303 a
656 265 746 304 mortuis,
774 265 799 303 11
814 262 861 311 Ipse
876 265 928 303 enim

167 321 258 359 Herodes
273 322 329 360 misit
343 329 364 360 et
379 323 444 360 tenuit
458 321 567 360 Iohannem
588 328 608 360 et
630 321 719 368 alligavit
741 334 786 360 eum
807 321 829 359 in
851 335 928 360 earcere

166 385 248 425 propter
263 378 397 417 Herodiadem
412 392 493 417 uxorem
508 378 598 426 Philippi
612 378 680 416 fratris
697 379 733 427 sui,
758 378 810 426 quod
825 392 867 417 eam
882 392 929 418 uxo-

166 448 208 473 rem
224 435 314 474 dimisse:
334 439 356 473 18
373 435 451 474 dicebat
465 436 516 473 enim
532 433 562 475 illi
572 435 670 474 Iohannes
680 435 726 474 Non
739 436 787 473 licet
802 435 839 474 tibi
856 435 928 474 habere

165 505 248 531 uxorem
263 492 331 530 fratris
346 493 382 532 tui.
401 497 425 530 19
443 492 541 530 Herodias
557 500 622 530 autem
637 491 769 531 insidiabatur
783 491 813 529 illi
823 499 844 530 et
856 503 929 538 quaere·

166 548 202 587 bat
217 549 302 587 occideri
317 549 380 596 illum,
394 563 430 587 nec
445 555 533 596 poterat:
551 553 576 587 20
593 548 683 587 Herodes
699 561 745 587 vero
761 548 844 586 timebat
858 548 928 587 Iohan-

166 618 217 652 nem,
233 606 297 644 sciens
313 618 357 643 eum
374 606 438 644 virum
454 619 497 643 esse
512 606 589 643 iustum
609 612 630 643 et
652 611 746 656 sanetum,
769 610 790 643 11
812 604 929 644 observabat

165 674 217 712 eum,
243 668 264 700 et
279 675 322 701 eum
338 660 427 701 audisset
442 662 497 700 illum
512 662 574 700 multa
588 662 653 700 facere
669 661 753 701 libenter
768 674 813 700 eum
828 661 926 701 audiebat.

166 723 192 756 21
209 718 296 757 Etcum
311 719 353 757 dies
369 726 435 758 autem
450 724 558 766 oportunus
573 718 678 757 accidisset
692 718 763 757 natalis
771 718 865 764 Herodis,
881 719 929 757 fecit

165 788 240 813 caenam
255 789 344 822 magnam
359 776 481 823 principibus
497 777 537 814 suis
556 780 576 814 11
591 775 675 814 tribunis
699 783 720 814 et
740 775 810 822 primis
833 775 927 815 Galileae:

167 837 194 869 22
225 833 316 871 introivit
346 846 393 871 vcro
418 833 458 871 filia
482 832 602 871 Herodiadis
627 832 699 871 saltare
728 839 747 870 et
773 846 816 870 eum
837 832 929 871 saltasset

166 888 242 935 placuit
255 889 334 927 Herodi
349 897 370 927 et
385 888 444 928 simul
459 890 624 938 recumbentibus³
644 903 695 927 nuno
710 889 761 927 dixit
776 902 812 927 rex
826 890 851 927 ad
873 889 928 936 puel-

166 945 205 983 lam
219 945 270 984 Pete
286 959 297 983 a
311 959 343 984 me
359 947 406 992 quid
421 947 459 995 vis,
475 953 496 984 et
511 947 560 984 11111
581 946 623 984 1111.
647 951 673 984 23
694 945 722 983 Ε1
741 946 816 985 iuravit
838 946 867 984 illi
882 948 928 992 quia

164 1003 294 1050 quodcunque
310 1004 391 1049 petieris
408 1003 457 1041 dabo
472 1003 516 1052 tibi,
532 1003 592 1040 etiam
607 1002 709 1040 dimidium
717 1002 772 1049 regni
780 1004 825 1042 mei.
842 1006 868 1040 24
878 1000 928 1048 Quae

165 1072 208 1097 cum
225 1060 300 1097 exisset
315 1060 340 1097 ad
354 1066 436 1097 matrem
451 1073 513 1109 suam,
530 1059 581 1097 dixit
596 1059 614 1096 ei
623 1057 676 1104 Quid
691 1061 770 1105 petam?
785 1058 823 1097 Illa
837 1072 884 1098 vero
900 1059 928 1098 di-

164 1115 195 1153 xit
211 1114 275 1162 Caput
289 1115 384 1154 Iohannis
399 1116 499 1163 baptistae.
524 1120 550 1153 25
573 1114 612 1154 Illa
627 1121 693 1153 autem
713 1116 800 1163 ingressa
816 1115 841 1153 ad
855 1129 927 1165 rogem,

164 1173 217 1218 petit
239 1172 277 1211 sibi
299 1172 342 1210 dari
364 1178 424 1219 eaput
447 1173 541 1211 iohannis
562 1172 661 1219 baptistae.
700 1176 725 1210 21
750 1171 777 1210 111
799 1173 927 1211 contristamus

164 1236 196 1267 est
210 1242 246 1267 rex
260 1235 283 1267 ut
298 1229 385 1280 audivit3
404 1235 486 1276 propter
506 1228 642 1267 iusiurandum
663 1234 729 1267 autem
751 1236 771 1266 et
792 1231 927 1268 recumbentes

164 1285 222 1323 simul
238 1286 302 1323 noluit
316 1299 394 1332 negare,
418 1288 444 1324 27
465 1285 500 1323 sed
522 1286 581 1323 misso
604 1285 723 1332 spiculatore
744 1287 840 1333 praecepit
863 1286 928 1324 afferri

163 1348 224 1388 caput
240 1342 282 1381 eius
298 1343 318 1381 in
334 1342 393 1381 disco.
424 1342 452 1380 111
467 1356 511 1381 cum
526 1342 600 1380 abisset
623 1341 728 1380 decollavit
746 1355 790 1380 eum
806 1343 826 1380 in
842 1355 927 1391 carcere,

164 1403 190 1436 23
207 1406 227 1436 11
243 1399 312 1437 attulit
326 1406 386 1445 1111111
410 1400 452 1437 eius
467 1399 488 1437 in
511 1399 564 1437 disco
587 1405 608 1436 et
630 1398 685 1436 dedit
706 1398 785 1450 puellae,
806 1399 840 1437 illa
862 1406 928 1438 autem

163 1455 220 1493 dedit
234 1456 293 1493 matri
309 1468 357 1493 snae.
381 1460 407 1493 23
424 1453 468 1501 Quo
484 1456 551 1493 audito
567 1455 658 1501 discipuli
674 1455 716 1493 eius
731 1461 828 1494 venerunt
843 1461 863 1493 et
878 1456 927 1494 tule-

163 1518 211 1549 rnnt
226 1525 296 1558 corpus
312 1513 354 1550 eius
371 1519 391 1550 et
400 1518 509 1558 posuerunt
523 1511 573 1549 illud
587 1512 609 1549 in
618 1520 749 1550 monumento.
767 1516 793 1551 30
809 1511 837 1550 Et
851 1513 927 1551 reversi

162 1568 248 1614 apostoli
263 1568 287 1606 ad
302 1568 368 1607 Iesum
383 1571 549 1607 renunciaverunt
564 1568 582 1605 ei
598 1568 662 1606 omnia
681 1580 725 1614 quae
741 1568 829 1606 fecerant
844 1575 865 1606 et
880 1581 927 1614 quo·

162 1625 220 1663 modo
236 1624 350 1666 docuerunt.
369 1627 393 1663 31
410 1625 438 1663 Et
453 1626 482 1663 ait
496 1625 535 1663 illis
550 1623 607 1663 Iesus
618 1624 691 1663 Venite
707 1637 774 1663 samiis
790 1625 811 1663 in
826 1625 925 1663 desertum

162 1681 227 1721 locum
243 1688 263 1719 et
278 1683 397 1729 requiescite
412 1682 512 1728 pusillum.
552 1681 617 1720 Erant
632 1688 697 1719 autem
713 1682 792 1729 quidam
808 1688 883 1731 euntes
906 1690 926 1720 et

163 1751 198 1776 nee
213 1738 343 1776 manducandi
359 1739 447 1787 spacium
462 1738 566 1777 habebant,
599 1742 625 1776 32
641 1737 668 1776 Et
688 1738 816 1777 ascendentes
838 1739 859 1776 in
880 1739 926 1777 navi

162 1795 256 1833 abierunt
270 1797 290 1833 in
306 1796 406 1834 desertum
421 1795 485 1834 locum
505 1801 587 1834 secreto,
616 1799 640 1833 33
657 1794 685 1832 111
699 1795 791 1834 viderunt
807 1808 839 1834 eos
855 1794 926 1833 abeun-

164 1858 194 1889 tes
210 1857 230 1889 et
252 1858 386 1890 convenerunt
407 1852 509 1898 pedestres
532 1852 589 1889 multi
611 1852 635 1890 ab
658 1852 747 1890 omnibus
769 1851 882 1890 civitatibus
905 1859 926 1889 et

163 1916 306 1946 concurrerunt
320 1909 373 1946 illuc.
405 1910 431 1946 34
448 1906 497 1946 (lum
511 1920 558 1945 vero
573 1907 629 1946 Iesus
644 1907 728 1946 vidisset
738 1907 822 1958 turbam
832 1909 925 1946 misertus

164 1970 196 2002 est
209 1964 256 2015 illis⁷
272 1965 318 2010 quia
333 1970 390 2003 orant
403 1965 454 2002 sicut
470 1977 515 2002 oves
531 1964 601 2010 quibus
617 1977 655 2003 non
670 1969 710 2002 est·
723 1971 796 2014 pastor,
821 1971 841 2003 et
861 1965 927 2012 coepit

164 2021 234 2059 docere
250 2034 290 2059 eos.
321 2026 345 2059 35
368 2021 396 2059 111
414 2034 457 2059 cum
473 2022 511 2059 iam
527 2022 576 2060 hora
595 2021 657 2059 multa
671 2021 734 2067 fieret,
753 2027 879 2060 accesserunt
901 2022 926 2060 ad

162 2090 208 2115 eum
231 2077 323 2124 discipuli
345 2078 432 2116 dieentes
452 2077 547 2116 Desertus
570 2077 624 2116 loeus
647 2083 683 2127 est,
707 2082 727 2116 et
742 2079 797 2132 'hora
819 2079 858 2116 iam
876 2091 926 2125 prae-

164 2134 244 2173 terivit:
262 2138 287 2172 31
305 2134 382 2172 dimitte
398 2134 441 2173 illos
456 2141 480 2172 ut
495 2141 563 2173 euntes
579 2135 599 2173 in
620 2134 719 2181 proximas
734 2131 792 2174 uillas
808 2141 829 2174 et
844 2135 924 2173 castella

161 2198 229 2229 emant
244 2191 282 2230 sibi
297 2191 350 2230 cibos
366 2203 414 2239 quos
429 2191 553 2232 manducent,
570 2193 596 2230 31
612 2189 689 2237 Quibus
700 2190 757 2230 lesus
767 2192 877 2230 dixitDate
885 2192 924 2231 illis

162 2261 197 2286 vos
212 2249 337 2286 manducare.
367 2248 401 2286 Illi
416 2254 482 2286 autem
498 2248 591 2287 dixerunt
604 2248 682 2287 Euntes
698 2262 784 2287 ememus
799 2262 867 2300 panes,
890 2248 924 2287 du-

160 2310 264 2344 centorum
280 2305 404 2343 denariorum
419 2311 440 2343 et
455 2304 543 2343 dabimus
559 2305 598 2343 illis
614 2305 738 2344 manducare.
769 2310 794 2344 38
815 2305 862 2352 Ipse
877 2319 924 2344 vero

163 2362 192 2400 ait
206 2362 246 2400 illis
262 2360 316 2407 Quot
330 2375 391 2408 panes
406 2362 438 2400 hic
453 2361 544 2401 habetis?
560 2363 587 2401 ite
602 2362 675 2402 videte.
706 2360 745 2408 Qui
761 2361 924 2411 dixeruutlluin-

163 2430 200 2464 que
215 2430 276 2465 panes
292 2424 312 2457 et
327 2419 376 2457 duos
391 2418 461 2465 pisces
486 2423 511 2457 39
527 2419 556 2457 Et
570 2420 666 2466 praecepit
680 2418 719 2457 illis
740 2425 763 2457 ut
778 2419 924 2458 discumberent

162 2488 228 2514 omnes
243 2489 279 2523 per
294 2475 422 2514 contubernia
437 2489 496 2522 super
510 2475 574 2514 viride
589 2476 662 2514 fenum.
693 2479 719 2514 40
735 2475 763 2513 Et
782 2476 924 2514 discubuerunt

161 2532 241 2579 plurimi
256 2546 292 2580 per
307 2540 400 2573 centenos
416 2537 436 2571 et
451 2533 603 2581 quinquagenos.
621 2536 646 2572 41
663 2532 691 2571 Et
706 2533 782 2580 accepit
795 2532 852 2571 Iesus
868 2534 923 2580 quin-

160 2601 199 2635 que
213 2603 274 2636 panes
290 2594 310 2628 et
326 2590 374 2628 duos
389 2589 453 2636 pisces
468 2591 574 2637 respiciens
590 2591 611 2628 in
626 2590 696 2628 caelum
703 2590 804 2629 benedixit
820 2596 840 2629 et
847 2591 922 2637 gracias

160 2659 220 2692 agens
235 2647 295 2695 fregit
310 2648 395 2695 quinque
410 2660 470 2694 panes
486 2653 506 2685 et
521 2648 569 2686 duos
584 2648 648 2695 pisces
665 2652 685 2685 et
700 2647 756 2685 dedit
764 2647 865 2694 discipulis
881 2648 922 2685 suis

161 2707 186 2740 111
199 2710 295 2748 ponerent
310 2717 349 2754 eos,
366 2710 386 2743 et
400 2708 510 2751 posuerunt
525 2711 569 2743 ante
585 2705 629 2743 illos
644 2711 668 2743 111
682 2704 828 2744 manducarent.
852 2707 879 2743 42
895 2704 923 2743 Et

161 2759 328 2799 manducaverunt
343 2774 409 2800 omnes
425 2767 446 2800 et
461 2762 545 2800 saturati
560 2769 615 2800 sunt:
631 2760 659 2802 42
669 2767 689 2801 et
696 2762 820 2800 sustulerunt
827 2762 923 2810 fragmen-
