1837 2928
49 44 71 80 G.
85 45 113 80 13.
401 47 469 82 Matth.
785 47 810 83 17

48 172 178 211 tribulacione
194 177 214 210 et
229 172 367 218 persecucione
377 176 458 219 propter
465 170 548 209 verbnm
556 172 648 210 continuo
657 169 808 209 scandalizatur,

49 234 76 267 22
93 228 132 274 Qui
148 234 214 266 autem
229 229 249 266 in
264 229 326 274 spinis
341 229 508 278 seminaturshic
531 234 562 265 est
585 229 619 274 qui
642 229 698 266 audit
719 226 808 276 verbum,

49 285 160 337 sollicitudo
176 284 244 323 saeculi
258 285 316 323 istius
332 291 353 323 et
367 285 457 332 voluptas
473 284 596 333 ¹diviciarum
618 286 700 324 suffocat
721 283 808 333 verbum,

49 348 69 380 et
84 342 126 380 sine
142 341 209 380 fructu
224 340 315 381 efficitur.
339 346 365 380 23
382 340 422 388 Qui
437 347 502 380 antem
517 342 538 379 in
553 347 627 379 terram
641 342 711 381 bonam
726 342 808 379 semina-

48 405 80 437 tus
96 403 134 449 est,
149 399 182 436 hic
197 404 228 436 est
243 399 277 445 qui
292 399 348 437 audit
362 399 444 437 verbum
453 405 473 436 et
481 398 581 449 intelligit,
588 405 635 436 tunc
646 399 733 436 fructum
746 397 809 445 affere,

48 456 132 494 etfacit
148 456 201 494 aliud
223 456 300 501 quidem
326 456 471 505 centessimum‚
495 455 550 493 aliud
572 462 638 493 autem
661 454 808 502 sexagesimum,

47 512 102 551 aliud
131 513 260 560 trigesimum.
284 514 310 550 24
326 512 394 551 Aliam
415 511 527 558 parabolam
556 512 660 559 proposuit
690 510 729 549 illis
752 508 808 548 Iesus

47 568 116 608 Simile
147 574 178 608 est
206 582 288 616 reguum
318 569 411 607 caelorum
440 568 515 607 homini
546 569 579 614 qui
606 568 712 607 seminavit
737 567 810 605 bouum

48 639 114 664 semen
129 627 149 664 in
165 640 210 674 agro
226 640 268 665 suo.
293 630 318 664 25
344 624 393 664 Oum
416 631 482 663 autem
504 626 613 664 dormirent
635 625 731 675 homines,
755 625 809 662 veuit

48 683 138 722 inimicus
154 684 195 722 eius
212 689 231 722 et
246 683 411 737 superseminavit
425 682 519 721 zizaniam
536 683 589 721 inter
604 682 693 721 triticum
716 690 736 720 et
752 681 806 721 abiit.

49 745 75 780 26
91 739 131 779 Sed
146 752 189 780 cum
205 741 300 780 crevisset
313 740 375 780 herba
391 746 411 779 et
426 740 513 779 fructum
527 739 612 789 ferisset,
634 745 681 779 tnnc
704 740 809 787 appparuit

48 798 127 838 zizania.
163 799 189 838 27
210 798 344 837 Accesserunt
354 804 420 837 autem
430 798 483 837 servi
492 798 555 844 patris
565 797 650 836 familias
661 803 682 836 et
690 796 783 836 dixerunt
790 797 809 834 ei

49 854 139 901 Domine,
155 868 218 894 nonne
233 855 306 895 bonum
321 869 387 894 semen
402 854 504 894 seminasti
523 855 544 893 in
559 868 604 903 agro
620 857 672 894 tuo?
695 854 747 893 unde
763 867 808 901 ergo

48 912 108 952 habet
120 913 226 951 zizaniam?
243 917 268 952 28
284 912 313 951 Et
328 913 356 951 ait
370 913 410 951 illis
425 912 520 951 Inimicus
534 912 592 951 homo
607 912 645 952 hoc
660 912 714 951 fecit.
734 911 809 950 Dicunt

48 970 67 1007 ei
82 971 134 1010 servi
142 970 186 1020 Vis,
201 971 252 1008 imus
268 974 288 1008 et
303 970 411 1017 colligimus
427 972 464 1008 ea?
495 974 520 1009 29
541 969 569 1007 Elt
584 970 613 1008 ait
631 969 683 1016 Non,
710 982 735 1007 ne
757 968 808 1007 forte

49 1026 160 1073 colligentes
175 1027 250 1065 zizania
268 1026 372 1065 eradicetis
394 1027 453 1065 simul
476 1031 495 1064 et
518 1026 613 1065 triticum.
638 1030 663 1065 30
687 1024 726 1064 Sed
749 1026 807 1064 sinite

48 1088 131 1128 utraque
146 1095 233 1121 crescere
248 1096 310 1129 usque
326 1083 350 1121 ad
365 1096 454 1133 messem,
471 1088 491 1121 et
506 1090 594 1129 tempore
600 1084 669 1121 messis
685 1082 748 1120 dicam
756 1095 807 1120 mes·

48 1139 125 1178 sonibus
134 1138 226 1187 Oolligite
241 1141 326 1187 primum
341 1140 415 1178 zizania
431 1146 451 1178 et
466 1139 545 1187 alligate
560 1153 583 1178 ea
598 1139 702 1178 fasciculos
717 1138 742 1177 ad
758 1152 809 1178 com-

47 1195 163 1243 burendum,
179 1197 268 1235 triticum
283 1202 349 1235 autem
360 1202 475 1243 congregate
490 1197 511 1234 in
518 1197 611 1235 horreum
619 1210 690 1235 meum.
707 1200 731 1235 31
742 1195 808 1233 Aliam

47 1253 160 1300 parabolam
174 1252 252 1292 locutus
268 1259 299 1291 est
319 1254 359 1304 illis
382 1254 448 1292 dicens
468 1252 537 1292 Simile
560 1259 590 1292 est
611 1267 692 1301 regnum
715 1252 808 1291 caelorum

47 1323 106 1357 grano
129 1311 208 1358 sinapis,
237 1310 290 1357 quod
312 1310 409 1357 accipiens
430 1311 488 1349 homo
504 1310 608 1349 seminavit
623 1311 644 1349 in
658 1317 704 1358 agro
719 1320 763 1348 suo:
781 1313 806 1348 32

47 1367 100 1413 quorl
114 1367 216 1406 minimum
232 1367 309 1413 quidem
326 1373 357 1406 est
372 1367 461 1406 omnibus
477 1367 593 1419 seminibus3
615 1380 660 1408 cum
680 1373 746 1405 autem
767 1378 807 1404 cre-

46 1424 106 1474 verit,
122 1425 184 1462 maius
200 1425 223 1462 fic
238 1424 327 1463 omnibus
343 1424 428 1464 oleribus
444 1431 464 1463 et
479 1425 506 1476 fit
517 1424 575 1463 arbor
589 1438 658 1471 magna
673 1425 702 1462 ita
716 1430 740 1462 ut
754 1424 807 1462 voln-

48 1492 90 1518 cres
107 1481 150 1519 caeli
165 1481 246 1519 veniant
261 1488 281 1519 et
296 1481 387 1520 habitent
401 1482 421 1519 in
437 1483 496 1520 ramis
513 1482 561 1522 eius,
578 1486 603 1520 33
620 1482 687 1520 Aliam
694 1480 807 1527 parabolam

24 1557 27 1561 ⁴
46 1537 124 1576 locutus
140 1543 170 1576 est
185 1539 214 1576 eis
229 1536 297 1576 Simile
313 1544 344 1577 est
360 1551 441 1586 regnum
456 1538 549 1577 caelorum
564 1538 667 1586 fermento,
682 1538 808 1584 qnodaccep-

47 1600 90 1632 tum
113 1595 183 1633 mulier
204 1595 306 1634 abscondit
328 1596 349 1633 in
368 1595 568 1634 farinamrmensuris
591 1595 663 1647 tribus,
687 1595 749 1634 donec
771 1595 815 1633 fer-¹

47 1657 156 1689 mentatum
171 1657 203 1690 est
217 1657 287 1691 totum.
313 1655 339 1690 34
362 1652 413 1691 Haec
429 1653 493 1690 omnia
507 1653 584 1691 loeutus
601 1657 631 1690 est
645 1652 702 1690 iesus
717 1653 738 1689 in
752 1664 807 1697 para·

46 1707 96 1746 bolis
112 1709 137 1746 ad
153 1709 220 1748 turbas
241 1717 262 1747 et
285 1709 326 1747 sine
349 1709 447 1755 parabolis
470 1722 508 1748 non
530 1709 648 1754 loquebatur
670 1710 710 1761 eis3
736 1713 760 1746 35
784 1715 807 1746 nt

47 1764 163 1811 impleretur
179 1765 231 1812 quod
246 1765 321 1804 <lictum
339 1772 382 1804 erat
403 1779 439 1812 per
461 1766 577 1812 prophetam
600 1766 697 1805 dicentem
713 1766 808 1812 Aperiam
862 1773 864 1775 ’

47 1822 67 1860 in
87 1822 186 1868 parabolis
202 1835 223 1860 os
239 1835 309 1871 meum,
333 1822 439 1861 eructuabo
455 1823 569 1861 abscondita
584 1828 629 1861 ante
645 1822 808 1861 constitucionem

47 1879 121 1918 mundi
140 1883 171 1932 v36
188 1880 244 1917 Tunc
260 1872 351 1918 dimissis*
362 1880 426 1918 turbis
441 1880 497 1918 venit
511 1881 536 1918 in*
548 1880 633 1925 domum„
649 1886 669 1918 et
684 1885 809 1918 accesserunt

48 1936 133 1974 acl-eum
149 1936 240 1983 discipuli
256 1938 298 1974 eius
314 1937 401 1975 dicentes
417 1936 498 1975 Dissere
514 1936 570 1976 nobis
580 1936 692 1984 parabolam
707 1936 771 1975 tritici
788 1942 808 1974 et

48 1994 172 2031 zizaniorum.
207 1997 232 2031 37
259 1993 288 2032 At
312 1993 368 2032 Iesus
393 1994 512 2040 respondens
532 1994 561 2032 ait
584 1994 624 2032 illis
640 1992 680 2040 Qui
705 1994 809 2032 seminavit

47 2049 120 2088 bonnm
135 2063 202 2088 semen
218 2050 268 2088 iilius
285 2056 315 2088 est
330 2051 422 2101 hominis,
439 2054 464 2089 33
481 2064 527 2098 ager
542 2055 573 2088 est
588 2057 654 2089 autem
669 2051 702 2089 hic
718 2050 807 2097 mundus,

46 2106 117 2145 bonum
134 2120 180 2145 vero
196 2120 262 2145 semen
277 2107 298 2145 hi
314 2114 360 2145 sunt
374 2108 410 2145 filii
432 2108 497 2157 regni;
521 2108 594 2146 zizania
617 2112 683 2146 autem
705 2107 741 2145 filii
763 2114 810 2145 sunt

47 2163 151 2212 nequiciae,
174 2168 199 2202 39
224 2164 315 2202 inimicus
337 2169 404 2203 autem
426 2165 460 2209 qui
483 2165 587 2203 seminavit
609 2178 632 2202 ea
655 2170 686 2203 est
709 2163 808 2208 diabolus;

47 2220 116 2258 messis
131 2233 178 2258 vero
194 2220 336 2258 consummacio
351 2221 420 2259 saeculi
435 2230 471 2267 est,
483 2234 584 2261 messores
600 2227 666 2259 autem
678 2221 741 2269 angeli
756 2228 807 2259 sunt.

47 2279 74 2316 40
91 2275 148 2314 Sicut
163 2289 207 2324 ergo
224 2277 342 2324 colliguntur
357 2278 431 2315 zizania
447 2283 467 2316 et
487 2278 526 2324 igni
550 2278 696 2325 comburuntur,
720 2279 748 2316 sic
771 2278 809 2315 erit

47 2334 68 2372 in
84 2334 251 2372 consummacione
266 2334 341 2373 saeculi.
364 2336 389 2372 41
407 2335 477 2373 llittet
491 2335 543 2373 filius
558 2335 643 2374 hominis
663 2335 740 2381 angelos
755 2347 808 2379 snos,

48 2396 69 2429 et
84 2390 176 2438 colligent
191 2391 215 2428 de
230 2403 289 2437 regno
305 2391 348 2428 eius
364 2392 429 2435 omnia
444 2387 534 2430 scandala
550 2397 570 2429 et
586 2405 618 2430 eos
635 2393 668 2438 qui
683 2391 759 2430 faciunt
774 2392 810 2429 ini·

47 2447 151 2494 quitatem,
175 2450 202 2485 42
218 2453 239 2485 et
254 2448 334 2485 mittent
350 2460 382 2486 eos
399 2448 419 2485 in
435 2448 533 2486 caminum
555 2449 616 2495 ignis:
635 2449 668 2487 ibi
691 2449 730 2486 erit
752 2447 809 2486 fletus

48 2510 69 2542 et
84 2504 157 2543 stridor
172 2503 268 2543 dencium.
285 2506 311 2542 43
329 2504 384 2543 Tunc
398 2505 447 2543 insti
462 2504 566 2551 fulgebunt
581 2506 634 2544 sicut
656 2505 685 2544 sol
708 2506 728 2543 in
750 2517 809 2552 regno

47 2561 110 2607 patris
125 2561 162 2600 sui.
180 2559 538 2606 (111111111111111111111111111111,
562 2564 588 2599 44
603 2561 672 2600 Simile
688 2567 719 2599 est
728 2574 809 2608 regnum

47 2617 140 2655 caelorum
156 2617 249 2655 thesauro
265 2618 286 2655 in
301 2631 346 2665 agro
364 2618 457 2657 absconso
474 2630 532 2663 quem
546 2630 589 2657 cum
605 2619 681 2656 invenit
694 2618 752 2656 homo
769 2618 810 2656 aba·

49 2673 121 2721 condit,
138 2679 159 2712 et
173 2687 215 2720 pree
231 2674 301 2721 gaudio
318 2674 371 2713 illins
386 2675 442 2713 vadit
458 2680 478 2713 et
493 2675 563 2714 vendit
578 2676 670 2714 universa
686 2687 730 2720 quae
745 2674 811 2728 habet,

47 2736 69 2768 et
85 2731 132 2769 emit
155 2744 223 2777 agrum
245 2731 306 2769 illum.
330 2734 356 2770 45
380 2731 457 2770 Iterum
473 2731 537 2770 simile
560 2739 590 2771 est
612 2745 694 2780 regnum
718 2731 811 2770 caelorum

95 2798 106 2830 2
119 2816 141 2821 -
154 2796 198 2832 coc.
212 2796 262 2832 Oolb.
