1837 2928
65 34 89 69 ‘Q
102 34 130 68 10.
433 31 493 68 Marc.
728 65 730 67 ,
802 39 827 74 55

68 158 108 206 Qui
123 160 184 207 magis
200 159 348 204 admirabantur
362 159 414 197 inter
429 171 450 198 se
473 158 560 197 dicentes
576 159 603 197 ut
622 159 666 205 quis
680 164 748 205 potest
762 158 828 198 salvus

67 218 124 255 ficri?
140 221 166 254 27
182 216 210 253 Et
224 217 303 254 intuens
318 213 363 254 illos
378 215 435 253 Iesus
451 216 480 253 ait
501 215 545 254 Hoc
561 215 613 261 apud
635 216 722 253 homines
745 216 828 264 inpossi-

68 271 106 312 bile
122 279 159 321 est,
175 272 228 318 apud
243 272 301 310 deum
321 277 386 310 autem
402 272 467 310 omnia
482 271 584 318 possibilia
600 277 652 310 sunt.
676 276 702 309 28
714 266 747 310 ¹Et
762 273 827 319 coepit

68 327 140 367 Petrus
156 329 220 366 dicere
231 327 283 367 Ecce
291 341 326 367 nos
340 328 449 366 dimisimus
458 328 523 367 omnia
531 333 551 366 et
559 328 622 366 secuti
630 340 697 366 sumus
705 333 731 366 te.
748 333 774 367 29
790 329 829 367 Re·

68 385 164 431 spondens
175 391 241 423 autem
249 384 305 424 Iesus
321 385 372 423 dixit
387 385 412 423 ad
426 385 470 423 iilos
478 384 543 423 Amen
554 385 597 424 dico
612 383 674 433 vobis,
691 397 747 423 nemo
756 387 829 433 estqui

67 442 149 481 missum
156 441 227 480 fecerit
235 442 313 480 domum
320 441 352 480 vel
364 442 437 479 fratres
445 447 480 479 aut
494 454 570 480 sorores
579 446 613 480 aut
620 446 703 479 matrem
711 446 746 479 aut
752 447 829 488 patrem

65 503 103 536 aut
116 498 167 537 filios
183 504 217 536 aut
232 511 288 546 agros
302 504 384 545 propter
399 510 430 536 me
446 503 466 536 et
481 497 608 547 evangelium,
634 501 659 536 30
676 498 710 544 qui
725 510 764 535 non
779 498 828 538 acci·

67 556 110 602 piat
125 556 198 594 centies
214 560 292 594 tantum
307 568 358 593 nunc
373 555 394 592 in
401 555 439 593 hoc
454 555 528 606 seculo,
538 555 559 593 in
569 555 637 593 futuro
648 559 714 593 autom
725 554 790 593 seculo
800 555 829 593 vi-

67 618 108 650 tam
123 618 218 650 aeternam
232 612 323 658 accipiet.
355 615 379 648 31
403 611 463 649 Multi
479 617 545 650 autem
567 617 625 649 erunt
644 612 827 661 criminosissimi,

63 675 88 706 et
102 669 204 706 novissimi
218 669 283 714 primi.
316 672 341 705 32
367 667 430 705 urant
449 673 515 706 autem
539 668 666 706 ascendentes
689 668 710 706 in
732 668 785 706 viam
807 668 828 706 iu

65 724 195 771 ierosolimis,
219 730 239 763 et
261 723 387 772 praecedebat
401 724 445 763 illos
460 723 525 774 Iesus,
547 730 568 762 et
586 723 684 771 pavebant
705 725 738 769 qui
761 737 829 771 seque-

66 781 139 820 bantur
162 794 212 820 eum.
243 780 271 819 Et
293 775 394 819 assumens
418 780 462 818 iilos
485 780 588 819 duodecim
611 782 676 826 coepit
694 780 733 819 illis
756 781 828 819 iterum

65 838 133 876 dicere
149 850 194 883 quae
208 836 247 876 sibi
261 843 345 876 ventura
361 843 432 886 essent,
457 841 483 875 33
504 835 556 882 Quia
571 848 615 875 ecce
638 837 761 875 ascendimus
776 836 829 875 Iero-

67 893 162 944 solimam,
179 898 200 931 et
214 893 266 931 filius
281 893 367 932 hominis
382 893 473 931 tradetur
480 893 603 939 principibus
617 893 742 932 sacerdotum
752 898 772 931 et
783 893 829 932 scri-

63 950 104 997 bis,
120 955 141 988 et
156 949 265 989 senioribus
281 955 302 988 et
317 949 436 988 damnabunt
450 949 505 988 illum
521 951 580 988 morti
600 954 621 988 et
635 950 715 988 tradent
729 950 827 1000 gentibus,

68 1010 94 1046 34
110 1012 131 1045 et
145 1006 229 1045 illudent
244 1020 288 1045 eum
303 1012 324 1045 et
339 1011 458 1053 conspuetur
473 1012 493 1045 et
503 1006 629 1054 flagellabunt
643 1020 688 1045 eum
703 1012 723 1045 et
731 1006 827 1058 occident,

63 1070 87 1102 et
101 1069 147 1110 post
156 1064 240 1101 tercium
255 1063 307 1101 diem
321 1068 417 1109 resurget.
435 1067 459 1101 35
476 1063 504 1101 Et
519 1068 644 1102 accesserunt
652 1063 677 1101 ad
689 1076 733 1101 eum
741 1063 827 1103 Iacobus

65 1125 87 1158 et
101 1120 200 1158 iohannes
215 1119 251 1157 filii
265 1118 358 1158 Zebedaei
380 1119 467 1158 dieentes
482 1119 585 1169 Magister,
609 1119 699 1158 volumus
721 1125 745 1158 nt
767 1119 827 1167 quod-

66 1188 142 1223 cunque
157 1176 273 1222 petierimus
288 1176 350 1214 iacias
366 1175 428 1214 nobis.
447 1180 471 1215 36
489 1174 566 1221 Quibus
581 1176 623 1222 ipse
639 1176 691 1214 dixit
699 1174 752 1221 Quid
766 1175 827 1215 vultis

65 1239 89 1271 ut
103 1233 174 1271 faciam
189 1232 258 1272 vobis?
282 1232 307 1271 37
323 1231 357 1270 Eli
372 1237 438 1270 autem
453 1232 547 1271 dixerunt
566 1233 584 1270 ei
599 1232 631 1270 Da
653 1232 709 1271 nobis
731 1237 754 1271 ut
776 1246 827 1271 unus

63 1303 77 1328 ‘a
93 1289 168 1328 dextris
183 1290 222 1327 tuis
238 1294 259 1328 et
281 1289 331 1327 alius
354 1302 365 1327 a
387 1289 473 1328 sinistris
496 1289 598 1328 sedeamus
621 1290 642 1328 in
663 1289 745 1337 gloriam
765 1295 839 1330 taram

67 1350 93 1385 38
109 1346 167 1384 Dixit
181 1345 221 1384 illis
236 1346 294 1384 Iesos
309 1345 397 1384 Nescitis
413 1346 460 1391 quid
478 1347 562 1392 petatis:
585 1347 669 1392 potestis
691 1346 758 1385 bibere
782 1346 827 1385 cali-

66 1417 108 1442 cem
123 1407 181 1449 quem
196 1416 231 1451 ego
245 1402 345 1443 bibiturus
357 1405 412 1441 sum?
428 1407 462 1441 aut
476 1402 595 1450 baptismum
610 1402 707 1450 baptizari
723 1416 780 1450 quem
791 1416 826 1451 ego

60 1460 161 1507 baptizari
175 1460 255 1499 habeo?
286 1464 311 1498 39
328 1459 402 1498 Atilii
425 1460 518 1498 dixerunt
541 1460 559 1498 ei
574 1460 689 1500 Possumus.
728 1461 765 1498 Ait
787 1460 826 1498 illis

63 1516 120 1555 lesus
137 1515 222 1555 Calicem
238 1516 316 1564 quidem
332 1529 390 1563 quem
406 1529 440 1563 ego
455 1516 501 1555 bibo
516 1516 596 1568 bibetis,
612 1523 632 1555 et
639 1517 759 1563 baptismum
769 1530 827 1563 quem

61 1587 98 1621 ego
113 1573 202 1613 babtizor
211 1572 371 1620 baptizabimini:
388 1574 414 1611 40
431 1572 499 1612 sedere
515 1577 580 1611 autem
596 1587 607 1611 a
623 1574 697 1612 dextris
708 1574 757 1612 meis
773 1573 826 1612 vela

60 1631 161 1679 sinistris,v
168 1644 207 1669 non
217 1636 248 1668 est
255 1643 320 1668 meum
330 1630 376 1668 dare
387 1629 449 1679 vobis,
461 1630 496 1668 sed
506 1630 577 1676 quibus
586 1636 678 1677 paratum
688 1636 725 1670 est.
743 1632 766 1668 41
780 1629 826 1669 Hoc
886 1673 889 1677 ,

64 1687 131 1726 audito
147 1687 215 1726 caeteri
231 1687 298 1725 decem
313 1692 420 1733 coeperunt
438 1687 517 1734 indigne
542 1687 594 1725 ferre
617 1687 641 1725 de
663 1687 735 1726 Iacobo
759 1692 779 1725 et
794 1687 826 1725 Io-

63 1744 133 1782 hanne.
150 1746 177 1781 42
194 1741 248 1789 Quos
264 1756 308 1782 cum
323 1744 438 1782 advocasset
453 1743 509 1782 Iesus
518 1744 547 1782 ait
561 1744 600 1782 illis
610 1743 669 1782 Scitis
685 1744 731 1792 quia
746 1744 780 1791 qui
795 1744 824 1783 vi-

35 1819 38 1823 ·
64 1800 136 1839 dentur
150 1801 257 1847 principari
276 1800 368 1847 gentibus
391 1799 516 1839 dominantur
538 1813 612 1852 eorum,
636 1806 656 1839 et
678 1801 762 1840 maiores
784 1801 826 1839 illo-

62 1872 107 1896 rum
121 1863 241 1905 potestatem
255 1857 329 1897 habent
344 1868 422 1896 eorum:
453 1859 478 1896 43
502 1858 523 1895 in
538 1857 593 1897 vobis
609 1861 675 1896 autem
689 1871 728 1896 non
743 1858 772 1896 ita
788 1863 825 1908 est,

64 1915 99 1953 sed
114 1916 225 1961 quicunque
240 1915 327 1954 uoluerit
347 1915 368 1953 in
382 1912 438 1953 uobis
454 1927 497 1953 esse
511 1915 574 1953 maior
595 1915 634 1953 erit
647 1921 714 1954 vester
729 1915 826 1963 minister,

64 1975 91 2010 44
114 1978 135 2011 et
150 1973 260 2020 quicunque
275 1971 362 2010 voluerit
376 1972 397 2009 in
412 1971 467 2011 vobis
484 1985 526 2010 csse
541 1973 616 2018 primus
632 1973 671 2011 erit
686 1973 771 2011 omnium
787 1985 826 2011 ser-

61 2042 106 2068 uus,
137 2032 163 2067 45
181 2028 238 2067 Sicut
252 2028 304 2067 filius
320 2029 404 2067 hominis
420 2042 459 2067 non
473 2029 529 2067 venit
543 2035 566 2067 ut
581 2029 696 2079 ministrari,
720 2029 755 2068 sed
770 2030 826 2068 mini-

63 2091 126 2124 strare
142 2086 176 2124 sed
197 2086 242 2124 dare
258 2086 342 2124 animam
357 2098 412 2124 suam
426 2085 583 2133 redempciouem
600 2100 636 2133 pro
651 2086 725 2138 multis.
756 2089 783 2126 45
799 2086 828 2125 Et

63 2148 159 2181 venerunt
174 2143 195 2180 in
209 2142 297 2183 Iericho:
320 2151 341 2181 et
355 2142 429 2181 factum
445 2148 475 2181 est
491 2156 535 2181 cum
550 2144 625 2183 exisset
639 2143 663 2182 ab
684 2143 762 2183 Iericho
783 2156 827 2183 cum

62 2199 125 2238 multa
140 2199 205 2246 turba,
221 2205 242 2237 et
257 2211 302 2238 occe
318 2199 397 2246 quidam
413 2211 477 2238 caecus
492 2200 544 2238 filius
562 2201 633 2239 Timaei
648 2200 782 2239 Barthimaeus
798 2214 827 2239 se-

64 2256 124 2296 debat
139 2258 190 2295 circa
197 2257 249 2296 viam
257 2256 376 2296 mendicans.
393 2257 419 2296 47
437 2255 476 2303 Qui
486 2269 530 2296 cum
538 2257 627 2297 audisset
637 2257 689 2304 quod
699 2257 756 2296 Iesus
764 2257 784 2297 N
785 2269 827 2296 ana·

63 2327 122 2353 rcnus
138 2319 196 2362 esset,
213 2314 247 2360 qui
254 2309 370 2364 transiebat,
387 2315 453 2361 coepit
468 2314 551 2353 clamare
567 2321 588 2353 et
600 2315 665 2354 dicere
676 2315 771 2353 Miserere
786 2316 826 2354 mei

59 2370 110 2410 Iesu
124 2371 152 2410 fili
167 2370 237 2411 David.
262 2374 288 2409 48
305 2370 333 2409 Et
348 2371 516 2411 comminabantur
531 2372 561 2411 illi
575 2378 599 2411 ut
613 2377 693 2411 taceret.
710 2370 748 2410 Ille
761 2373 824 2419 magis
866 2409 868 2412 .

59 2429 164 2477 magisque
187 2427 282 2467 clamabat
307 2426 403 2467 Miserere
425 2429 465 2467 mei
487 2429 515 2467 fiii
537 2427 609 2469 David.
650 2432 675 2468 49
707 2428 826 2477 Respiciens

62 2498 111 2524 vero
126 2486 184 2524 Iesus
199 2486 259 2524 iussit
274 2485 329 2524 illum
343 2486 416 2524 vocari.
447 2485 475 2524 Et
497 2486 589 2525 abierunt
603 2498 673 2525 vocare
688 2485 743 2524 illum
759 2487 825 2524 dioen-

59 2546 95 2581 tes
104 2542 241 2590 Animaequior
249 2548 298 2589 esto,
308 2555 371 2592 surge,
379 2548 438 2581 uocat
445 2549 472 2583 te.
487 2547 513 2582 50
521 2542 558 2582 Ille
566 2557 613 2583 vero
626 2549 649 2582 ut
657 2543 733 2582 audivit
741 2543 826 2590 proiecit

63 2600 182 2638 vestimenta
193 2613 229 2639 sua
237 2607 257 2639 et
265 2600 348 2639 exiliens
356 2600 411 2638 venit
419 2600 444 2638 ad
452 2613 503 2639 eum.
526 2604 551 2639 51
570 2602 602 2639 cui
611 2600 662 2639 dixit
669 2599 725 2639 Iesus
735 2598 788 2646 Quid
796 2601 826 2640 vis

64 2656 166 2695 ut'faciam
181 2656 234 2697 tibi?
251 2656 320 2697 Caecus
335 2663 401 2696 autem
417 2656 469 2695 dixit
476 2657 573 2708 Rabboni,
588 2663 612 2697 ut
626 2657 710 2697 videam.
727 2662 753 2708 52
770 2658 827 2698 Iesus
