1837 2928
86 24 105 59 G.
118 23 134 58 9.
147 23 174 60 10.
453 24 498 60 Luc.
597 24 600 28 '
818 30 843 66 83

86 149 146 198 minc,
170 151 233 197 primo
258 156 324 190 autem
350 152 444 199 permitte
470 152 519 190 mihi
547 151 661 190 renunciare
685 151 713 188 eis
739 151 772 198 qui
796 150 848 189 domi

86 212 138 247 sunt.
171 212 197 246 62
212 208 271 246 Dixit
286 213 351 247 autem
367 209 391 246 ad
406 208 436 247 illi
450 207 580 251 iesusNemo
594 214 647 246 retro
663 207 766 246 attendens
782 216 802 246 et
817 221 848 247 su·

85 276 195 310 perpenens
211 278 290 303 manum
304 278 359 303 suam
375 277 434 311 super
448 271 535 303 aratrum
551 270 608 311 aptus
624 271 654 303 est
668 277 726 312 regno
742 265 780 303 dei.

143 317 169 363 X.
203 325 211 359 1
228 321 324 362 Probauit
339 328 406 360 autem
422 328 442 360 et
457 321 505 360 alios
521 322 646 369 septuaginta
661 320 716 371 diros,
735 327 756 359 et
770 323 848 368 praemi-

27 377 29 379 ’
85 378 113 415 sit
136 391 168 416 eos
184 377 240 417 binos
256 384 301 417 ante
316 379 386 417 faciem
402 392 456 417 suam
476 379 495 417 in
519 392 595 417 omnem
617 378 680 417 locum
703 384 723 415 et
746 378 846 417 ciuitatem

85 447 201 481 quocunque
216 445 311 474 uenturus
328 444 376 474 crat.
415 440 427 473 2
454 435 539 474 Dicebat
554 443 619 473 autem
635 433 762 472 iltis‘tlessis
784 435 846 473 multa
874 430 888 474 s

85 497 116 529 est
131 492 215 538 operarii
231 499 296 531 autem
311 493 379 539 pauei:
397 498 465 539 rogate
481 505 526 539 ergo
541 493 641 531 dominum
655 491 725 529 messis
740 496 764 529 ut
778 492 846 530 mittat

85 550 184 594 operarios
200 549 225 587 ad
239 562 322 589 messem
337 563 398 589 suam.
417 554 426 588 3
443 548 486 590 Ite:
502 561 546 589 ecce
562 563 596 596 ego
616 549 674 587 mitto
697 561 732 586 vos
755 548 844 595 quemad·

83 605 162 644 modum
178 619 237 653 agnos
252 608 273 645 iu
288 606 354 645 medio
367 606 463 653 luporum.
487 609 499 644 4
515 606 582 645 Nolite
597 612 676 653 portare
692 604 791 643 sacculum
806 619 845 643 non

82 674 150 707 peram
169 676 207 701 non
230 664 363 713 calciamenta,
386 668 407 701 ct
429 664 525 701 neminem
547 676 583 709 per
605 663 637 701 111
660 661 799 700 salutaveritis.
832 667 842 700 5

84 716 226 767 Quamcunque
241 720 323 766 primam
340 720 418 758 domum
433 720 558 765 introieritis,
575 719 659 766 primum
679 719 738 757 dicite
753 718 796 757 Pax
812 719 844 758 do-

82 776 123 813 mui
137 776 191 814 111111.
221 775 250 814 Et
265 777 283 814 si
299 777 362 814 fuerit
376 776 417 814 illic
431 776 483 814 filius
503 776 564 826 pacis7
586 776 697 823 requiescet
719 787 778 823 super
801 789 842 814 eam

82 843 122 877 pax
136 833 386 882 111111ῑ111111111111111111
409 833 482 871 advos
498 838 616 870 revertetur.
648 833 659 870 ’1
689 830 713 869 In
726 832 771 878 ipsa
786 832 842 870 domo

82 894 167 937 manete,
184 889 324 928 manducantes
340 895 360 927 ct
374 888 464 928 bibentes
480 901 524 937 quae
543 888 566 927 ab
589 890 618 927 eis
640 892 694 926 sunt:
721 888 790 934 dignus
812 894 843 927 est

83 946 184 992 operarius
207 946 296 984 mercede
319 959 360 985 sua.
398 945 466 985 Nolite
489 946 574 984 transire
597 945 692 983 dedomo
715 946 735 983 in
755 945 841 985 domum.

83 1005 93 1040 8
118 1001 146 1040 Et
166 1003 187 1040 111
210 1014 344 1051 quamcunque
364 1003 465 1042 civitatem
479 1003 597 1041 introieritis
623 1007 643 1040 et
667 1002 777 1048 receperint
800 1014 841 1051 vos,

81 1058 198 1102 manducate
213 1071 334 1107 quaecunque
356 1060 412 1099 vobis
428 1064 558 1110 apponuntur,
580 1064 590 1098 1)
608 1064 628 1097 11
643 1064 709 1097 curat-e
725 1059 758 1104 qui
773 1059 793 1096 in
808 1058 843 1096 illa

80 1115 209 1165 infirmantur,
226 1122 246 1154 et
261 1116 320 1154 dicite
335 1116 375 1154 illis
391 1116 564 1164 Appropinquavit
583 1128 691 1162 supervos
707 1128 787 1161 regnum
803 1115 841 1153 elei.

83 1175 107 1210 lo
124 1171 149 1210 In
164 1184 299 1219 quamcunque
314 1176 379 1210 autem
395 1174 496 1211 civitatem
511 1173 628 1211 introieritis
644 1177 664 1209 11
678 1185 716 1209 non
731 1172 842 1218 receperint

80 1241 122 1275 uos,
138 1236 207 1267 cuntes
222 1231 242 1268 in
257 1230 333 1276 plateas
349 1230 391 1267 eius
407 1229 466 1267 dicite
484 1233 507 1267 11
525 1228 592 1267 Etiam
606 1227 707 1275 pulverem
730 1228 763 1275 qui
785 1228 840 1267 nobis

81 1285 167 1323 adhaesit
182 1286 206 1323 de
222 1286 302 1325 civitate
317 1292 384 1324 uestra
399 1286 420 1324 in
434 1286 517 1332 pedibus
540 1286 659 1332 extergimus
681 1284 747 1323 uobis:
772 1298 841 1323 verum

79 1342 116 1380 1111
131 1343 204 1380 scitote
220 1344 312 1389 quoniam
327 1343 492 1390 appropinquavit
507 1356 587 1389 regnum
604 1342 652 1380 dei..
669 1346 694 1379 12
720 1341 770 1379 Dico
784 1342 840 1380 vobis

78 1399 126 1446 ,quia
141 1397 231 1437 Sodomis
246 1401 267 1437 in
283 1399 314 1437 die
329 1400 364 1437 1111
379 1400 479 1438 remissius
496 1401 599 1445 eritquam
615 1398 644 1436 illi
659 1398 742 1438 civitati.
760 1402 785 1436 13
801 1397 840 1436 Vae

78 1455 116 1494 tibi
133 1454 235 1505 Coranum,
252 1462 272 1494 11
286 1455 408 1494 Bethsaida:
433 1456 514 1502 quiasi
536 1457 557 1494 in
572 1455 625 1500 Tyro
640 1460 671 1505 et
686 1453 758 1493 Sidone
781 1455 839 1493 facte

78 1517 144 1550 essent
158 1512 243 1551 virtutes
260 1525 304 1559 quae
319 1513 339 1551 iu
354 1512 410 1552 vobis
426 1513 484 1551 factae
500 1520 552 1561 sunt,
569 1512 616 1550 olim
630 1512 652 1549 in
667 1510 730 1549 cilicio
747 1518 767 1548 et
775 1512 839 1548 cinere

77 1568 167 1615 sedentes
183 1570 321 1615 paenitenciam
337 1570 428 1616 egissent.
461 1571 487 1607 14
502 1568 578 1607 Verum
593 1573 658 1606 tamen
674 1568 726 1613 Tyro
743 1574 763 1605 et
771 1566 839 1606 Sidoni

76 1624 199 1664 tolerabilius
215 1626 253 1664 erit
267 1627 288 1664 in
304 1626 335 1664 die
350 1626 419 1664 iudicii
435 1638 493 1673 1111111
511 1626 573 1665 robis.
606 1629 630 1662 15
661 1623 689 1662 Et
714 1631 736 1662 tu
755 1623 839 1670 Gaphar-

76 1695 141 1728 naum,
156 1695 219 1728 usque
234 1683 255 1720 in
270 1682 340 1721 caelum
356 1682 448 1729 exaltata,
465 1695 527 1728 usque
543 1683 567 1720 ad
589 1682 687 1719 infernum
711 1682 837 1727 demergeris.

78 1742 102 1776 16
119 1736 159 1782 Qui
172 1751 206 1777 uos
222 1739 278 1777 audit
292 1752 323 1777 me
339 1739 400 1788 audit,
417 1745 437 1777 ct
447 1740 481 1786 qui
491 1753 526 1778 ros
537 1739 612 1785 spernit
622 1751 652 1776 me
668 1737 754 1783 spernit:
772 1738 837 1783 etqui

74 1808 105 1832 me
132 1796 215 1846 spernit,
240 1796 315 1842 spernit
340 1809 383 1834 eum
410 1796 443 1841 qui
468 1809 498 1834 me
523 1797 583 1835 misit.
623 1796 648 1833 17
680 1794 764 1833 Rercrsi
790 1803 837 1832 sunt

75 1857 141 1889 autem
164 1850 288 1899 septuaginta
309 1853 347 1891 duo
370 1865 414 1891 cunr
436 1852 507 1899 gaudio
531 1853 618 1890 dicentes
641 1850 732 1900 Domina
755 1857 776 1888 et
798 1851 837 1888 dae-

74 1909 140 1945 monia
155 1909 243 1947 subiecta
258 1915 305 1953 sunt
320 1909 375 1947 nobis
390 1909 411 1946 111
426 1914 460 1947 tuo
476 1909 560 1948 nomine.
592 1912 617 1946 18
648 1908 705 1946 Dixit
728 1921 773 1954 crgo
796 1907 835 1945 illis

73 1964 173 2003 Videbam
188 1971 269 2004 satanan
285 1968 342 2013 quasi
357 1966 423 2013 fulgur
439 1966 463 2004 de
479 1965 526 2005 caelo
542 1964 642 2004 cecidisse
661 1965 685 2002 13
702 1963 754 2002 Ecce
770 1963 794 2002 do
804 1977 837 2002 1ο-

73 2020 104 2058 bis
119 2028 239 2067 potestatem
255 2022 341 2059 calcandi
357 2035 416 2070 super
431 2028 533 2069 serpentes
554 2027 574 2060 et-
589 2022 708 2069 1111111111Ἱ
734 2027 754 2060 11
778 2033 837 2067 super

74 2089 150 2115 cumen]
164 2077 610 2117 111111111111111111111111111111111111111.
642 2082 668 2115 20
699 2075 837 2119 Veruntamen

73 2133 146 2171 1111111
161 2134 323 2181 nolite-gaudere
339 2135 385 2180 quia
401 2135 482 2181 spiritus
497 2136 553 2174 uobis
570 2135 654 2174 subiecti
676 2140 728 2181 sunt,
752 2134 836 2181 gaudete

73 2195 139 2229 autem
155 2192 246 2237 quoniam
261 2191 339 2230 uomina
354 2198 421 2230 vestra
436 2193 511 2239 scripta
526 2192 608 2231 suntin
623 2191 677 2229 caelo.
710 2195 734 2228 21
761 2190 786 2229 ln
801 2190 836 2229 illa

72 2248 121 2287 hora
137 2248 244 2288 exsultavit
258 2248 315 2287 iesus
330 2249 351 2287 in
366 2249 439 2297 spiritu
453 2256 520 2289 sanct-o
537 2255 557 2289 11
572 2249 623 2288 dixit
639 2247 736 2288 Confiteor
751 2248 788 2287 tibi
804 2249 836 2287 do-

71 2306 130 2357 mine,
146 2311 203 2353 pater
218 2307 260 2345 caeli
275 2315 296 2345 et
311 2312 377 2355 terrae,
394 2309 485 2354 quoniam
501 2307 621 2348 abscondisti
636 2307 678 2346 haec
694 2305 835 2353 asapientibus

72 2369 93 2402 et
107 2363 243 2413 prudentibus,
268 2370 288 2403 et
302 2364 396 2402 revelasti
418 2378 440 2403 ea
455 2365 553 2411 parvulis:
577 2365 638 2403 etiam
658 2360 720 2413 pater,
744 2364 836 2410 (proniani

72 2420 100 2459 sic
114 2421 209 2467 placitum
224 2422 298 2459 factum
314 2427 345 2459 est
360 2435 425 2460 coram
440 2427 466 2461 te.
498 2428 524 2460 22
554 2421 583 2460 Et
608 2434 712 2461 conversus
732 2421 756 2459 ad
779 2420 836 2460 disci-

70 2477 128 2523 pulos
144 2491 189 2518 suos
205 2479 264 2517 dixit:
305 2477 377 2517 Omnia
391 2479 441 2516 milri
455 2480 530 2518 tradita
545 2485 591 2518 sunt
614 2492 625 2516 a
645 2484 711 2526 patre:
735 2483 756 2516 et
778 2491 835 2516 nemo

71 2536 172 2581 cognoscit
188 2536 231 2581 uuis
247 2541 278 2574 est
292 2536 350 2584 filius,
367 2535 405 2573 nisi
420 2541 483 2583 pater,
502 2545 522 2574 et
538 2537 581 2583 quis
597 2541 628 2574 est
642 2542 705 2585 pater,
721 2535 760 2572 nisi
782 2534 834 2573 filius

71 2597 92 2629 et
107 2592 216 2639 cuicunque
235 2592 320 2632 voluerit
335 2592 387 2630 filius
402 2593 496 2634 revelare.
533 2598 559 2631 23
589 2592 618 2631 Et
637 2604 741 2631 conversus
756 2592 780 2630 ad
796 2592 834 2630 dis·

71 2643 208 2695 c'ipulossuos
225 2650 551 2695 [111113111111111111111111111
573 2663 617 2697 quaa
639 2650 712 2688 uidetis
733 2655 753 2704 et
775 2663 835 2688 aures

70 2718 115 2752 uriae
131 2706 225 2746 audiunt:
250 2710 276 2746 24
293 2707 335 2746 dico
351 2707 402 2746 enim
417 2706 473 2746 uobis
490 2709 536 2754 1111
550 2708 608 2746 multi
623 2707 726 2754 prophetae
742 2713 762 2746 et
778 2720 834 2755 reges
