1837 2928
74 88 93 122 O.
106 88 134 121 26.
313 80 314 83 “
417 82 485 118 Matth.
803 87 828 121 35
900 83 902 85 ’

75 216 85 250 3
102 212 157 249 Tunc
168 208 280 255 congregati
292 212 338 246 sunt
348 208 447 254 principes
463 206 586 245 sacerdotum
597 213 618 245 et
627 207 698 246 scribae
713 213 734 246 01
748 206 836 245 seniores

72 267 141 315 populi
148 267 169 304 in
180 265 252 302 atrium
262 264 358 311 principis
368 264 492 302 sacerdotum
504 263 537 309 qui
544 269 627 301 vocatur
635 262 727 314 caiphas,
743 266 756 301 4
765 268 785 301 et
792 276 836 302 000-

73 325 139 364 silium
149 323 239 361 fecerunt
249 328 273 360 ut
283 321 350 361 Iesum
365 321 409 361 dolo
421 326 512 360 tenorent
522 326 542 359 et
552 321 665 360 occiderent
675 334 725 372 eram,
745 326 761 368 ν5
777 320 835 361 Dice·

72 382 120 421 bant
130 386 195 419 autem
205 378 251 419 Non
265 380 285 419 in
296 380 327 419 die
338 380 389 420 festo
400 380 444 419 haec
458 380 552 430 facerent,
566 393 591 419 ue
601 380 652 419 forte
667 379 764 418 tumultus
778 379 836 418 fieret

72 440 92 479 10
99 438 178 487 populo.
196 442 207 476 6
224 436 273 477 (lum
289 444 353 477 autem
370 444 423 477 esset
434 437 492 476 Iesus
507 438 527 476 10
538 437 638 488 Bethania
653 437 673 475 in
685 437 741 476 domo
749 437 835 476 Simonis

71 497 150 546 leprosi,
161 497 172 535 7
181 497 265 534 accessit
273 496 347 535 adeum
354 496 426 535 mulier
432 495 507 535 habens
515 495 632 535 alabastrum
641 495 737 543 unguenti
743 495 833 545 preciosi,

71 562 92 593 et
107 553 177 592 effudit
191 566 252 600 supra
267 559 326 601 caput
341 554 383 592 eius
398 553 524 592 recumbente
539 553 589 600 ipso.
614 558 625 593 8
647 552 745 592 Videntes
769 557 835 592 autem

71 611 167 658 indignati
182 618 229 649 0001
245 610 336 658 discipuli
352 612 394 649 eius
410 610 497 649 dicentes
512 610 541 650 Ut
563 611 610 657 quid
631 610 719 658 perdicio
741 611 798 649 haec?
822 616 832 649 9

70 668 142 707 Ρο1011
156 668 207 706 enim
217 668 272 706 istud
284 674 407 716 unguentum
417 668 525 707 venundari
535 669 601 714 precio
612 675 631 706 et
650 668 693 706 dari
705 667 832 715 pauperibus.

72 728 97 763 10
114 723 172 770 Quod
186 730 210 762 01
224 725 315 771 cognovit
328 725 386 765 10000
401 726 430 763 011
444 725 483 763 11110
498 724 528 763 Ut
538 725 586 771 quid
600 725 678 764 molesti
689 726 737 763 estis
750 725 828 763 mulieri

70 782 130 819 huic?
145 793 194 829 opus
208 780 280 819 bonum
296 787 377 828 operata
392 787 423 820 est
437 784 457 819 10
473 794 510 819 me.
536 785 559 818 11
576 781 629 819 Nam
644 793 721 827 semper
735 794 831 827 pauperes

69 838 147 877 habetis
162 837 269 887 vobiscum,
285 851 316 876 me
339 845 405 877 autem
424 852 463 877 000
478 851 555 884 semper
569 837 674 878 habebitis.
699 842 724 875 12
747 838 831 877 Mittens

70 896 121 933 enim
136 896 180 934 haec
195 901 316 942 unguentum
331 896 368 934 hoc
385 896 406 934 10
421 908 492 942 corpus
512 908 576 933 meum
600 896 625 933 ad
646 895 778 941 sepeliendum
800 909 832 934 me

69 952 123 1002 fecit,
148 956 173 990 13
197 953 262 990 Amen
278 952 321 991 dico
336 952 398 999 vobis,
422 952 534 998 ubicunque
555 952 686 999 praedicatum
709 952 771 990 fuerit
794 953 832 991 hoc

71 1009 193 1056 evangelium
208 1009 229 1047 in
244 1015 286 1048 toto
301 1010 379 1059 mundo,
404 1009 481 1048 dicetur
496 1015 517 1047 et
532 1009 583 1055 quod
598 1010 642 1048 haee
656 1009 705 1047 fecit
726 1009 747 1047 10
761 1023 832 1048 memo·

22 1063 24 1066 ’
70 1066 120 1103 riam
135 1066 203 1113 ipsius.
222 1069 247 1103 14
264 1066 319 1105 Tunc
334 1067 384 1105 abiit
398 1080 448 1105 unus
464 1067 488 1104 de
504 1066 612 1114 duodecim,
630 1067 663 1114 qui
677 1065 785 1104 vocabatur
799 1066 832 1105 10-

69 1122 103 1160 das
120 1122 225 1161 Scariotba
240 1123 265 1160 ad
279 1123 378 1170 principes
393 1123 516 1171 sacerdotum
534 1127 558 1161 15
575 1131 596 1162 01
610 1124 639 1161 011
653 1122 692 1161 11110
701 1121 754 1168 Quid
768 1124 830 1162 vultis

68 1179 117 1217 mihi
128 1179 180 1228 dare,
192 1185 212 1217 et
223 1192 258 1226 ego
268 1180 324 1219 vobis
334 1180 389 1218 illum
399 1180 490 1218 tradam?
505 1180 535 1218 At
544 1180 574 1218 illi
584 1181 729 1219 constituerunt
739 1181 758 1218 ei
765 1180 831 1219 XXX

68 1242 179 1284 argenteos.
205 1240 230 1274 16
251 1236 279 1274 Et
289 1237 359 1275 exinde
370 1237 471 1285 quaerebat
481 1238 635 1284 oportunitatem
643 1237 737 1283 temporis
747 1243 771 1275 ut
786 1250 831 1275 eum

67 1293 156 1331 traderet
170 1293 205 1331 eis.
224 1294 249 1332 17
265 1293 334 1332 Prima
350 1299 415 1332 autem
431 1307 543 1340 azymorum
558 1299 683 1333 accesserunt
698 1293 790 1340 discipuli
805 1295 830 1332 ad

16 1395 18 1398 v
66 1349 133 1389 Iesum
149 1350 236 1388 dicentes
251 1350 291 1390 Ubi
306 1352 336 1389 vis
351 1364 441 1398 paremus
457 1351 494 1390 tibi
509 1351 626 1390 manducare
640 1351 728 1398 pascha?
751 1355 776 1389 18
800 1353 829 1390 At

66 1406 100 1445 ille
116 1407 167 1445 dixit
182 1407 210 1445 eis
225 1406 257 1445 110
272 1408 293 1446 10
308 1408 410 1447 civitat-em
425 1408 450 1446 ad
466 1408 563 1455 quendam
578 1414 599 1447 et
612 1408 681 1447 dicite
698 1408 717 1446 01
732 1407 829 1456 Magister

67 1464 116 1502 dicit
131 1464 217 1510 Tempus
232 1477 297 1502 meum
312 1477 373 1511 prope
388 1471 425 1513 est,
451 1466 503 1511 apud
518 1470 537 1503 te
553 1466 604 1504 facio
624 1465 696 1512 pascha
712 1478 756 1502 cum
772 1465 828 1504 disci-

64 1520 117 1565 pulis
133 1521 187 1558 meis.
214 1524 238 1558 19
255 1519 388 1559 defecerunt
408 1521 500 1567 discipuli
515 1522 567 1559 01001
582 1521 687 1559 0000111011
708 1521 748 1558 11110
763 1520 827 1568 Iesus,

65 1581 86 1613 et
99 1582 220 1623 parauerunt
233 1577 313 1623 pascha.
337 1582 363 1616 20
385 1577 475 1624 Vespere
497 1583 563 1616 autem
585 1579 638 1616 facto
662 1577 762 1616 discubuit
784 1589 827 1616 cum

65 1632 168 1671 duodecim
184 1633 287 1680 discipulis
303 1635 351 1684 suis,
368 1639 393 1672 21
412 1640 432 1672 01
448 1634 551 1673 edentibus
567 1635 607 1673 illis
630 1634 682 1673 dixit
696 1634 760 1672 Amen
783 1634 826 1673 dico

64 1689 120 1728 vobis
128 1689 180 1736 quod
195 1702 246 1728 unus
254 1696 341 1728 vestrum
350 1704 380 1729 me
389 1691 499 1729 traditurus
508 1697 544 1731 est.
561 1696 588 1729 22
603 1691 631 1729 Et
646 1691 759 1728 contristati
768 1691 826 1729 nimis

65 1751 172 1792 coeperunt
186 1746 258 1792 singuli
274 1746 339 1784 dicere
354 1746 449 1794 Nunquid
465 1760 499 1794 ego
515 1760 564 1796 sum,
581 1747 672 1785 domine?
696 1751 722 1785 23
733 1747 768 1785 'At
783 1747 826 1793 ipse

39 1806 41 1808 ’
64 1802 184 1848 respondens
207 1803 235 1840 ait
251 1800 291 1847 Qui
305 1803 386 1850 intingit
401 1816 477 1841 mecum
497 1817 574 1842 manum
597 1805 618 1841 in
640 1803 770 1855 parapsidem,
794 1804 827 1842 hic

63 1871 94 1896 me
110 1859 181 1897 tradet.
198 1861 225 1896 24
240 1858 267 1897 111
278 1859 329 1897 filius
345 1860 424 1906 quidem
433 1860 518 1898 hominis
529 1860 584 1899 vadit
595 1861 647 1898 01001
656 1860 752 1907 scriptum
764 1865 794 1898 est
802 1860 826 1899 de

63 1915 110 1970 illo3
132 1930 163 1956 uae
178 1922 244 1956 autem
258 1917 334 1956 homini
353 1917 383 1957 illi
405 1931 441 1966 per
463 1930 520 1967 quem
542 1918 595 1957 fflius
617 1917 702 1957 hominis
724 1917 824 1958 tradetur:

63 1973 134 2013 bonum
150 1981 193 2014 erat
207 1975 283 2014 homini
297 1975 327 2014 illi
342 1989 380 2015 non
400 1977 460 2015 nasci.
490 1981 515 2015 25
538 1976 649 2024 Respondit
671 1983 737 2015 autem
756 1975 823 2026 Iudas,

63 2033 97 2078 001
112 2033 223 2071 traditurus
238 2039 281 2071 erat
296 2046 340 2071 eum
356 2040 377 2072 et
392 2034 444 2072 dixit
458 2033 554 2082 Nunquid
569 2048 603 2081 ego
620 2047 670 2085 sum,
694 2033 764 2073 rabbi?
787 2034 825 2072 Ait

65 2088 94 2128 illi
109 2088 166 2128 Iesus
182 2089 213 2128 Tu
228 2089 354 2142 dixisti32b
370 2090 423 2138 Ipsis
438 2097 504 2130 autem
528 2091 650 2131 caenantibus
670 2091 747 2138 accepit
768 2090 825 2130 10000

63 2160 131 2194 panem
148 2153 169 2195 et
183 2146 285 2186 benedeit
300 2153 321 2186 et
335 2148 396 2196 fregit
411 2154 432 2187 et
447 2148 502 2187 dedit
523 2149 626 2196 discipulis
647 2148 688 2188 suis
705 2149 771 2187 dicens
786 2148 825 2188 Ac·

63 2204 122 2251 cipite
139 2211 159 2243 et
166 2204 289 2255 manducate,
305 2206 343 2244 hoc
358 2211 389 2245 est
404 2219 474 2253 corpus
489 2220 560 2247 meum.
582 2209 608 2246 21
624 2206 652 2245 111
667 2206 765 2253 accipiens
781 2206 826 2245 eali-

62 2274 104 2299 cem
118 2262 194 2308 gracias
209 2262 249 2308 egit
265 2271 285 2299 01
300 2262 356 2300 dedit
370 2262 410 2301 illis
426 2263 492 2301 dicens
508 2268 535 2302 28
556 2264 596 2301 Η10
612 2270 643 2301 001
658 2263 709 2301 calix
724 2264 824 2309 sauguinis

61 2318 100 2356 mei
115 2318 161 2357 novi
180 2318 302 2367 testamenti,
326 2319 359 2364 qui
381 2332 417 2366 pro
440 2319 508 2358 multis
531 2320 644 2359 effundetur
665 2320 686 2357 10
708 2320 824 2358 remissione

61 2380 192 2421 peccatorum.
209 2379 235 2413 29
251 2374 302 2414 Dico
318 2380 383 2414 autem
397 2376 459 2424 vobis,
482 2390 521 2416 000
543 2377 608 2417 bibam
627 2390 638 2415 a
659 2376 716 2415 modo
740 2376 764 2415 de
786 2377 824 2416 hac

61 2441 152 2471 creat-ura
166 2432 213 2471 vitis
235 2445 298 2479 usque
313 2433 334 2471 in
349 2433 401 2471 diem
415 2434 471 2472 illum
486 2448 530 2472 cum
549 2434 600 2473 illud
622 2434 688 2474 bibam
710 2447 782 2473 novum
803 2435 824 2473 in

61 2502 120 2536 regno
136 2489 198 2536 patris
213 2490 258 2528 mei.
276 2493 301 2528 30
316 2489 344 2528 111
358 2503 416 2535 ymno
432 2491 485 2529 dicto
502 2491 594 2530 exierunt
608 2493 628 2530 in
644 2496 731 2529 montem
747 2491 822 2530 oliveti.

61 2546 117 2584 Tunc
125 2546 173 2585 dicit
181 2545 220 2584 illis
228 2545 285 2585 Iesus
292 2546 365 2586 Omnes
373 2560 408 2586 vos
417 2548 530 2586 scandalum
534 2549 638 2595 paciamini
644 2548 665 2586 in
673 2561 703 2586 me
710 2548 747 2585 hac
755 2554 822 2586 nocte:

60 2603 155 2649 scriptum
171 2609 202 2640 est
217 2603 268 2641 enim
283 2603 399 2643 Percuciam
414 2610 520 2655 pastorem,
537 2611 557 2643 et
572 2605 710 2652 dispergentur
720 2617 766 2642 oves
781 2618 824 2652 gre-

60 2659 96 2706 gis.
114 2663 140 2697 32
156 2659 197 2698 Sed
211 2666 315 2706 postquam
336 2672 469 2711 resurrexero,
492 2662 603 2707 praecedam
618 2674 653 2701 uos
676 2661 696 2699 in
712 2660 822 2702 Galilaeam.

62 2720 87 2753 33
104 2715 233 2763 Respondeas
250 2722 316 2754 autem
330 2716 403 2754 Petrus
419 2717 470 2754 dixit
485 2716 507 2755 Si
523 2731 588 2756 omnes
604 2717 732 2756 scandalizati
747 2719 824 2756 tuerint

61 2772 81 2810 10
96 2779 123 2822 te,
147 2785 181 2820 ego
197 2769 296 2819 nunquam
311 2773 462 2814 scandalizabor.
480 2777 506 2812 34
522 2774 580 2813 Dixit
594 2775 623 2812 illi
638 2771 697 2815 lesus
705 2775 770 2813 Amen
779 2775 823 2813 dico
