1837 2928
72 48 95 84 o.
109 50 135 83 12.
433 48 477 84 Luc.
736 98 738 100 v
807 50 833 87 st

75 180 87 214 2
103 176 170 215 Nichil
186 184 251 215 autem
266 175 401 216 absconditum
417 181 448 215 est
463 174 516 224 quod
530 187 568 213 non
586 173 685 212 reveletur
700 180 720 213 61
736 175 834 214 occultum

71 234 127 280 vqrrod
142 247 179 273 non
196 239 334 281 cognoscatur:
360 238 370 272 3
387 234 444 272 bomo
460 232 524 279 quiin
535 230 621 271 tenebris
631 231 708 271 locutus
718 234 778 272 estin
788 234 833 272 luce

73 291 167 330 audietur
182 298 202 329 et
217 292 269 337 quod
284 292 303 329 iu
320 304 366 329 aure
382 291 443 329 locuti
458 290 506 329 estis
522 300 556 327 aut
571 289 591 327 in
607 288 708 339 cubiculis,
718 291 833 337 praedicabi-

75 356 108 387 tur
123 361 182 395 super
197 353 251 387 tecta
266 348 321 386 etin
336 347 413 395 plateis.
444 350 456 385 4
476 347 522 386 Dico
542 352 607 385 autem
622 345 678 385 vobis
694 348 760 386 amicis
776 350 831 397 meis,

71 404 105 443 Ne
120 405 234 443 terreamini
249 406 273 444 ab
288 406 319 443 his
335 405 369 450 oui
385 404 476 443 occidunt
491 415 561 450 eorpus
578 408 598 441 et
612 403 669 449 post*
680 403 724 442 haec
746 418 784 443 non
799 406 832 443 ba-

72 461 121 499 bent
136 461 219 508 amplius
235 462 282 507 quid
297 461 376 499 faciant.
408 465 419 498 5
446 459 554 499 Ostendam
570 463 635 497 autem
650 459 706 497 vebis
729 472 786 508 quem
809 463 833 499 ti-

72 518 155 557 meatis:
177 519 245 556 timete
261 531 304 557 eun]
326 519 359 566 qui
374 522 479 566 postquam
494 516 567 555 occidit
581 515 641 554 habet
654 522 775 562 potestatem
789 519 833 555 mit·

70 581 116 613 tere
131 575 151 613 in
166 575 283 622 gebennam:
300 575 343 613 dico
358 574 421 621 vobis,
444 573 496 612 huuc
511 574 585 612 timete.
618 577 629 611 6
659 572 730 611 Nonne
746 571 832 621 quinque

73 644 162 678 passeres
177 640 264 670 veneunt
279 631 385 679 dipondio?
404 636 425 669 et
439 644 489 669 unus
506 642 530 668 ex
544 629 584 668 illis
600 643 638 668 non
654 636 684 668 est
699 631 719 668 in
735 630 832 669 oblivione

70 701 139 727 eoram
155 688 239 727 domino.
270 689 281 726 1
308 688 347 726 Sed
362 694 383 726 et
398 687 463 734 capilli
479 687 548 733 capitis
563 687 625 726 vestri
647 699 713 735 omnes
734 688 832 726 numerati
867 706 869 708 ·

73 753 125 784 suut.
141 744 209 783 Nolite
217 745 284 791 itaque
292 745 371 783 timere:
380 743 448 783 multis
455 744 568 792 passeribus
578 742 641 789 pluris
651 744 706 783 estis.
719 748 729 782 S
741 744 832 783 11160611-

69 808 114 840 tem
128 801 190 853 vobis
207 800 275 841 Omnis
294 801 405 849 quicunque
415 802 516 839 confessus
526 800 588 838 fuerit
597 813 628 837 me
639 811 702 838 coram
713 800 831 850 hominibus,

69 858 156 904 Ὶ61111106
167 858 251 897 hominis
267 857 393 897 confitebitur
408 870 451 895 eum
467 870 532 895 eoram
548 856 622 903 angelis
637 857 679 895 dei:
698 862 708 895 2
725 858 758 903 qui
767 865 833 896 autem

71 928 104 953 me
119 915 221 963 negaverit
236 927 300 953 eoram
320 913 437 963 hominibus,
462 912 590 960 abnegabitur
609 926 674 951 coram
697 914 770 961 angelis
794 915 831 956 dei.

75 976 100 1010 10
116 971 145 1009 Et
159 973 221 1010 omnis
237 973 347 1019 quicunque
363 971 436 1009 dixerit
451 970 532 1009 verbum
547 971 568 1008 in
582 970 644 1008 filium
659 970 749 1020 bominis⁷
766 973 832 1010 remit-

70 1034 127 1066 tetur
142 1028 182 1066 illi:
199 1027 220 1066 Si
236 1029 280 1074 qius
297 1036 361 1066 autem
377 1029 398 1066 in
414 1028 486 1074 spiritu
501 1033 567 1065 saneto
583 1026 658 1065 dixerit
665 1040 704 1065 non
718 1029 832 1067 remittetur

72 1084 103 1122 illi
118 1097 181 1131 neque
196 1085 216 1123 in
231 1085 268 1123 lroe
283 1085 355 1124 saeculo
370 1096 433 1132 neque
451 1085 472 1122 in
487 1083 562 1122 futuro.
594 1087 617 1120 11
645 1082 693 1122 (lum
709 1091 773 1123 autem
789 1098 832 1132 per·

71 1141 145 1179 ducent
160 1154 194 1179 vos
211 1141 235 1179 ad
250 1154 356 1188 synagogas
373 1148 393 1179 et
413 1141 438 1178 ad
459 1140 558 1187 principes
581 1146 601 1178 et
622 1140 647 1178 ad
668 1146 783 1187 potestates,
807 1155 831 1180 ne

68 1197 206 1244 cogitaveritis
227 1197 389 1244 quemodmodum
412 1210 446 1235 vos
469 1197 567 1235 excusetis
590 1203 625 1234 aut
647 1197 693 1244 quid
715 1198 831 1245 loquamini:

75 1258 99 1291 12
116 1254 198 1300 spiritus
214 1255 265 1292 enim
280 1253 360 1293 sanetus
375 1253 453 1292 docebit
467 1266 502 1292 vos
518 1254 538 1291 iu
553 1253 587 1291 illa
605 1253 653 1291 hora
675 1266 719 1299 quae
742 1261 833 1301 oporteat

69 1310 117 1349 dici.
150 1315 174 1349 13
205 1310 263 1349 Dixit
278 1317 343 1349 autem
358 1310 388 1349 illi
404 1310 482 1356 qaudam
498 1310 521 1348 de
537 1310 595 1349 turba
609 1309 710 1359 Magister,
728 1311 759 1349 die
775 1311 832 1350 fratri

70 1380 115 1405 areo
131 1374 154 1405 ut
170 1367 245 1405 dividat
260 1381 336 1406 meeum
350 1367 494 1406 haereditatem,
528 1369 552 1404 14
567 1367 614 1413 Ipse
629 1380 675 1405 vero
692 1368 743 1406 dixit
757 1369 776 1406 ei
792 1368 832 1407 Ho-

68 1437 110 1473 mo,
126 1424 170 1470 quis
185 1438 215 1462 me
232 1425 336 1463 constituit
350 1424 435 1462 iudicem
450 1436 509 1470 super
524 1425 574 1461 vos?
599 1427 623 1462 15
640 1423 713 1462 Videte
729 1430 750 1462 et
765 1430 832 1463 cavete

70 1479 96 1518 ab
112 1481 164 1519 omni
179 1480 299 1527 cupiditate:
322 1481 421 1528 quianon
440 1480 461 1518 in
483 1479 611 1519 obaudienoia
633 1479 751 1519 substanciae
774 1481 833 1520 alicui

69 1542 103 1574 est
117 1537 160 1576 vita
174 1550 210 1576 sua
225 1551 250 1576 ex
263 1538 295 1576 his
311 1551 355 1585 (luae
370 1537 464 1583 possidet.
498 1541 521 1575 16
548 1536 585 1575 Ait
600 1542 666 1575 autem
681 1537 792 1584 parabolam
808 1538 833 1577 ad

68 1593 117 1632 villos
132 1594 198 1632 diceus
214 1594 307 1633 Hominis
323 1594 423 1633 cuiusdam
440 1593 507 1631 divitis
522 1594 593 1631 uberes
608 1593 685 1632 fructus
696 1606 744 1643 ager
754 1595 830 1634 attulit:

74 1653 98 1689 17
116 1649 565 1702 610031161116660011116666(1611166160,
587 1648 634 1697 quia
655 1664 694 1689 non
715 1651 831 1699 habeoque

25 1746 27 1748 .
68 1708 174 1746 recondam
190 1708 267 1747 fruetus
282 1710 348 1747 meos?
366 1712 390 1746 18
406 1707 435 1745 Et
450 1707 500 1745 dixit
514 1707 559 1745 Hoc
574 1707 655 1746 faciam:
672 1708 772 1747 destruam
788 1710 830 1748 hor·

68 1777 103 1802 rea
118 1778 161 1803 mea
176 1771 197 1803 et
212 1766 285 1804 maiora
303 1765 380 1815 faciam,
397 1769 417 1802 et
432 1764 460 1803 ibi
476 1764 594 1811 congregabo
611 1778 676 1803 omnes
692 1766 769 1805 fructus
777 1780 831 1806 meos

73 1825 97 1858 12
115 1826 135 1858 61
150 1821 213 1859 dicam
229 1822 297 1859 animae
312 1834 368 1870 meae,
383 1821 444 1859 habes
454 1821 515 1858 multa
530 1821 586 1869 bona,
602 1821 715 1860 iocundare.
731 1827 757 1861 20
773 1823 832 1861 Dixit

71 1882 138 1915 autem
152 1878 182 1915 illi
198 1877 245 1916 deus
262 1877 333 1927 Stulte,
358 1879 395 1915 bac
410 1883 467 1915 nocte
483 1877 620 1923 expostulatur
637 1878 701 1916 anima
715 1884 760 1916 tua:
786 1893 831 1926 quae

66 1946 117 1980 ergo
131 1934 213 1984 parasti,
232 1935 287 1985 cuius
303 1936 375 1972 eruut?
405 1938 430 1971 21
455 1932 488 1972 Sic
511 1939 531 1971 et
553 1934 587 1979 qui
609 1933 647 1973 sibi
669 1935 790 1974 thesaurizat
811 1941 832 1975 et

71 2004 109 2028 non
128 1999 159 2029 est
179 1991 199 2029 in
222 1991 280 2030 deum
302 1991 363 2030 dives.
395 1995 421 2028 22
446 1989 504 2028 Dixit
529 1996 595 2029 autem
617 1990 642 2029 ad
664 1991 769 2039 discipulos
784 1991 832 2032 Pro-

66 2053 116 2095 pter
137 2048 174 2086 hoc
196 2048 252 2087 vobis
277 2048 320 2087 dieo
335 2047 367 2086 Ne
387 2047 521 2094 cogitaveritis
536 2048 606 2087 animae
622 2048 670 2095 quid
691 2049 754 2088 edatis
769 2063 832 2097 neque

66 2106 148 2150 corpori
173 2104 220 2151 quid
242 2105 364 2144 vestiamini:
405 2108 430 2142 23
465 2105 529 2143 anima
551 2106 603 2144 enim
629 2106 674 2152 plus
695 2113 725 2145 est
746 2107 788 2147 cibo
812 2113 832 2147 et

66 2173 141 2206 corpus
169 2162 251 2200 vestitu.
290 2164 316 2199 24
347 2160 474 2200 Considerate
500 2173 574 2213 corvos
602 2163 647 2209 quia
672 2177 711 2202 non
734 2165 832 2203 seminant

70 2230 133 2264 neque
158 2222 241 2268 metunt,
274 2218 344 2265 cluibus
369 2231 408 2257 nou
429 2224 460 2257 est
482 2218 583 2258 cellarium
604 2231 667 2268 neque
689 2220 787 2267 horreum,
811 2227 831 2260 et

66 2275 119 2314 -deus
134 2276 198 2323 pascit
212 2275 267 2315 illos:
297 2289 361 2314 nonne
376 2288 411 2315 vos
426 2275 488 2323 pluris
504 2277 552 2315 estis
574 2277 692 2318 volucribus.
731 2282 756 2317 25
781 2278 830 2327 Qtiis

66 2339 136 2372 autem
151 2340 238 2372 vestrum
253 2339 320 2381 potest
336 2329 439 2381 cogitando
455 2333 527 2372 addere
544 2334 568 2372 acl
590 2340 687 2373 staturam
702 2348 757 2374 suam
778 2335 831 2375 cubi·

70 2399 112 2429 tum
127 2393 203 2430 unum?
233 2395 259 2429 26
275 2390 303 2429 Et
318 2390 342 2429 de
358 2391 430 2429 ceteris
446 2391 492 2439 qrrid
508 2392 588 2431 solliciti
611 2394 672 2431 estis?
703 2391 830 2432 Considerate

67 2446 111 2485 lilia
127 2450 169 2496 agri
184 2448 280 2494 quomodo
296 2454 397 2488 crescunt:
414 2461 452 2486 non
468 2454 515 2486 nent
530 2462 593 2495 neque
608 2456 689 2488 texunt:
706 2450 749 2489 dico
764 2458 831 2490 autem

66 2504 125 2544 vobis
141 2506 187 2552 quia
202 2519 238 2544 nee
254 2504 346 2544 Salomon
360 2505 381 2542 in
396 2509 439 2542 tota
452 2504 514 2552 gloria
529 2519 565 2545 sua
579 2507 608 2545 616
623 2508 706 2545 amictus
729 2512 759 2545 est
782 2521 829 2554 quo-

67 2562 136 2616 modo*
150 2575 211 2601 uuum
236 2575 261 2601 ex
284 2562 323 2602 bis.
360 2565 385 2600 28
417 2560 439 2600 Si
462 2568 527 2601 autem
549 2564 622 2612 fenum,
653 2564 705 2612 qarod
726 2563 784 2603 hodie
809 2566 831 2604 in

67 2632 115 2665 agro
131 2625 198 2658 estet
213 2632 255 2658 cras
270 2620 291 2658 in
306 2619 403 2657 clibanum
425 2619 520 2671 mittitur,
545 2621 593 2659 deus
616 2621 644 2659 sic
667 2619 734 2673 vestit,
757 2628 830 2669 quanto

67 2676 130 2724 magis
145 2690 186 2723 vos,
202 2676 284 2715 modicae
299 2675 350 2714 fidei.
382 2680 408 2714 22
432 2675 461 2714 Ε1
478 2690 513 2716 vos
529 2691 553 2716 ne
569 2678 689 2724 quaesieritis
704 2679 752 2726 quid
768 2680 831 2719 edatis

67 2739 104 2771 arrt
119 2733 167 2780 quid
181 2733 261 2782 bibatis,
279 2746 313 2772 nee
329 2732 410 2771 solliciti
425 2733 478 2771 sitis:
504 2739 529 2774 30
550 2736 593 2774 haec
608 2735 660 2774 enim
683 2736 747 2775 omnia
762 2742 831 2785 gentes
