1837 2928
38 59 57 94 G.
71 59 88 92 8.
394 59 438 92 Luc.
664 37 666 40 Ι
774 59 800 96 79

37 182 104 222 Mater
118 196 161 221 mea
176 187 197 220 et
212 182 284 220 fratres
300 182 339 220 mei
353 182 375 220 hi
390 188 437 221 sunt
457 184 491 229 qui
513 182 594 222 verbum
616 182 648 220 dei
672 183 755 222 audiunt
780 188 803 221 61

37 239 118 284 faciunt.
150 244 176 277 22
192 237 276 276 Factum
293 244 324 276 est
339 244 403 277 autem
419 240 440 277 in
455 253 493 278 una
510 240 586 277 dierum
601 238 644 284 ipse
667 240 756 279 ascendit
778 240 799 278 in

37 308 107 335 navem
122 300 143 334 et
158 295 250 341 discipuli
265 295 315 346 eius‚
331 301 352 333 et
367 295 419 334 dixit
433 297 458 334 ad
473 296 518 334 illos
534 295 693 334 Transfretemus
708 297 745 334 hoc
761 302 802 335 sta-

37 366 102 400 gnum.
132 351 161 389 Et
175 352 296 390 levaverunt.
328 357 353 390 23
370 351 514 400 Navigantibus
530 357 595 390 autem
615 351 654 390 illis
670 351 797 392 obdormivit:

38 415 59 447 et
74 409 176 447 descendit
190 408 276 454 procella
291 409 346 446 venti
361 409 382 446 in
397 415 493 459 stagnum,
520 415 541 447 et
555 408 690 454 complebatur
707 409 799 448 fluctibus

37 465 127 504 navicula
143 470 163 503 et
174 464 330 511 periclitabatur.
354 468 380 503 24
397 466 531 504 Accesserant
545 471 610 503 autem
627 471 648 503 et
665 465 802 504 excitaverunt

37 522 93 561 illum
109 522 197 560 dicentes
208 521 304 569 Magister
319 523 412 568 perimus.
443 522 480 561 Ille
486 529 555 561 autem
568 523 655 561 surrexit
665 527 686 560 et
696 524 800 569 imperavit

37 585 96 618 rento
119 584 140 617 et
162 585 268 625 tempestas
290 591 347 625 aquae
373 580 463 630 cessavit,
488 586 508 618 et
531 580 584 618 faeta
606 585 637 617 est
659 579 798 626 tranquillitas,

39 641 64 674 25
81 636 138 675 Dixit
153 636 273 674 autemillis
288 635 328 675 Ubi
344 636 437 674 estfides
457 638 537 675 vestra?
558 636 595 674 ..at
617 637 710 675 timentes
732 638 799 675 mirati

37 698 84 731 sunt
99 693 124 731 ad
138 692 222 731 invicem
238 693 325 731 dicentes
341 691 390 738 Quis
406 698 437 731 est
452 694 491 742 hic,
515 692 549 741 qui
564 699 585 730 et
599 694 662 731 ventis
678 693 763 739 imperat
778 700 799 731 et

37 750 94 801 mari,
110 757 131 787 et
146 748 254 789 obaudiunt
269 749 311 787 illi?
341 754 367 787 26
384 748 545 796 Enatigaverunt
564 754 630 802 autem
652 749 677 786 ad
699 750 799 796 regionem

38 806 197 854 Gerasenorum,
214 818 259 852 quae
275 812 305 844 est
319 812 387 844 contra
403 805 511 844 Galilaeam.
534 805 561 843 27
584 805 612 843 Et
627 819 670 844 cum
686 806 760 844 exisset
774 806 801 844 ad

38 870 118 911 terram,
134 862 210 901 occurit
224 862 253 900 illi
268 863 299 901 vir
314 862 393 908 quidam
409 863 433 900 de
448 863 529 901 civitate
545 863 579 909 qui
586 861 672 901 habebat
682 862 799 901 daemonium

38 918 160 966 temporibus
175 922 196 957 et
211 918 350 958 vestimentum
365 932 404 958 non
419 919 545 970 induebatun
561 932 624 965 neque
639 920 660 956 in
671 919 800 958 domomane·
852 922 858 929 “

37 977 72 1017 bat
87 976 122 1015 sed
137 976 158 1015 in
172 977 309 1016 monumentis.
341 980 367 1015 28
385 975 434 1015 Cum
449 977 533 1015 vidisset
548 982 613 1014 autem
624 975 697 1028 Iesum!
713 982 799 1023 prostra-

37 1035 68 1073 vit
82 1047 103 1072 se
119 1033 144 1082 ei,
161 1039 181 1071 et
196 1033 313 1071 exclamavit
327 1045 375 1072 voce
382 1047 452 1081 magna
467 1033 533 1071 dicens
542 1031 595 1078 Quid
610 1034 658 1071 mihi
674 1039 694 1071 et
709 1033 746 1073 tibi
762 1039 800 1082 est,

37 1090 85 1129 Iesu
100 1090 128 1128 fili
144 1090 176 1128 dei
191 1086 296 1131 altissimi?
313 1102 346 1129 oro
362 1095 382 1128 16
397 1103 422 1128 ne
437 1104 468 1129 me
483 1096 582 1136 torqueas.
614 1089 654 1129 29*
666 1089 799 1137 Praecipiebat

39 1148 90 1186 enim
105 1148 185 1193 spiritui
199 1147 299 1185 immundo
314 1152 337 1185 ut
352 1148 416 1185 exiret
431 1147 454 1186 ab
469 1148 560 1185 homine:
575 1147 643 1185 multis
659 1148 710 1185 enim
725 1154 799 1194 tempo·

38 1204 93 1243 ribus
107 1204 207 1242 invaserat
222 1203 284 1255 11111111,
306 1202 424 1250 alligabatur
440 1205 512 1242 etenim
528 1203 615 1242 cathenis
631 1209 651 1241 et
674 1204 802 1250 compedibus-

39 1266 59 1300 et
74 1260 214 1312 custodiretur,
240 1266 260 1298 et
276 1260 411 1307 disrumpebat
433 1260 511 1306 vincula
527 1260 621 1308 agebatur
636 1261 687 1299 enim
703 1275 714 1298 a
730 1261 799 1299 daemo-

38 1319 71 1356 nio
86 1317 107 1355 in
122 1317 164 1356 loco
181 1318 265 1355 deserto.
291 1321 316 1356 30
332 1317 466 1364 Interrogavit
481 1324 547 1356 autem
563 1331 607 1356 eum
622 1316 679 1356 Iesus
695 1316 748 1363 Quid
762 1317 800 1356 tibi

39 1388 109 1414 nomen
125 1377 171 1412 est?
200 1375 230 1412 At
244 1374 277 1413 1116
298 1374 350 1413 dixit
364 1374 424 1422 Legio
447 1388 518 1413 nomen
540 1380 571 1413 est
592 1374 642 1413 mihi
663 1375 726 1413 multa
748 1376 800 1413 enim

39 1432 118 1471 inerant
134 1431 236 1470 daemonia.
261 1435 284 1469 31
303 1431 331 1470 Et
345 1432 440 1479 rogabant
454 1432 510 1470 illum
524 1445 549 1470 ne
564 1432 671 1478 imperaret
685 1432 724 1470 illis
739 1432 798 1470 utin

39 1489 131 1535 abyssum
146 1489 205 1527 irent.
237 1492 262 1526 32
283 1489 334 1527 Erat
350 1494 416 1528 autem
430 1488 459 1527 ibi
473 1502 521 1536 grex
535 1502 640 1535 porcorum
662 1490 800 1535 pascentium:

39 1552 59 1585 et
73 1551 192 1593 rogaverunt
205 1545 261 1584 illum
275 1549 299 1584 ut
313 1546 334 1585 in
349 1558 419 1594 porcos
437 1546 549 1585 introirent.
586 1546 615 1584 Et
636 1547 727 1593 permisit
750 1546 799 1585 illis„

40 1608 65 1642 33
83 1601 132 1642 (lum
147 1602 235 1641 exissent
252 1608 318 1641 autem
333 1603 430 1642 daemoma
445 1603 469 1642 ab
486 1603 565 1642 homine
584 1603 705 1642 introierunt
719 1603 740 1640 in
754 1616 798 1650 por-

39 1673 78 1710 cos,
94 1666 114 1698 61
128 1660 204 1707 impetu
219 1659 268 1698 abiit
282 1671 330 1707 grex
345 1674 448 1707 porcorum
463 1674 499 1707 per
513 1672 601 1707 praeceps
622 1660 642 1698 in
657 1661 707 1698 mari
722 1665 743 1697 et
757 1660 798 1699 suf·

38 1718 104 1756 ffocati
119 1723 172 1756 sunt.
193 1720 219 1755 34
236 1716 286 1755 Cum
301 1717 398 1756 vidissent
413 1724 478 1756 autem
494 1718 528 1763 qui
542 1717 649 1764 pascebant
655 1717 708 1763 quod
722 1717 796 1755 factum

38 1780 75 1826 est,
85 1775 179 1821 fugerunt
194 1779 214 1812 et
221 1774 364 1812 nunciaverunt
378 1774 399 1812 iu
414 1775 494 1812 civitate
510 1779 530 1812 et
545 1774 566 1811 in
582 1774 639 1821 agris.
657 1778 682 1812 35
698 1773 798 1812 Exierunt

38 1838 104 1870 autem
120 1831 144 1869 de
159 1831 240 1869 civitate
255 1831 322 1869 videre
338 1831 390 1879 quod
404 1832 478 1869 factum
493 1838 529 1879 est,
547 1830 796 1882 61116116111111111116111111Ἰ

37 1895 58 1928 et
67 1890 185 1928 invenerunt
195 1888 293 1927 hominem
303 1889 409 1938 sedentem²
422 1902 433 1926 a
444 1902 481 1935 quo
493 1888 589 1928 daemonia
597 1888 692 1939 exierant,
703 1890 797 1927 vestitum

38 1952 58 1985 et
68 1960 115 1985 sana
130 1950 196 1985 mente
211 1945 236 1984 ad
246 1946 310 1994 ,pedes
321 1945 368 1985 Iesu
378 1952 399 1984 et
414 1946 536 1985 timuerunt:
552 1950 577 1985 36
594 1946 737 1984 nunciaverunt
744 1946 796 1984 enim

36 2003 125 2050 illisqui
139 2003 231 2042 viderant
246 2003 342 2049 quomodo
361 2017 419 2042 sanus
442 2008 495 2042 esset
517 2004 587 2042 factus.
615 2005 641 2042 37
671 2002 699 2042 111
719 2016 797 2051 rogave-

37 2066 84 2099 runt
98 2060 165 2099 Iesum
181 2061 243 2099 omnis
259 2060 365 2099 multitudo
380 2061 465 2108 regionis
481 2058 636 2099 Gerassenorum
650 2066 673 2099 ut
688 2060 799 2099 discederet

37 2118 61 2157 ab
77 2119 112 2170 eis,
130 2118 200 2155 timore
216 2117 268 2155 enim
283 2130 352 2164 magno
368 2116 535 2157 continebantur:¹
552 2119 595 2164 ipse
610 2123 676 2156 autem
691 2118 798 2156 ascendens

36 2176 57 2213 in
72 2174 181 2213 naviculam
196 2186 287 2213 reversus
303 2180 339 2213 est.
372 2178 397 2213 38
423 2173 451 2213 Et
471 2175 549 2221 rogavit
563 2175 619 2213 illum
633 2175 665 2214 vir
680 2188 691 2213 a
706 2187 744 2222 quc
760 2174 798 2213 dae·

36 2231 101 2270 monia
116 2231 205 2270 exierant
220 2237 243 2269 ut
258 2244 301 2269 cum
316 2230 350 2270 illo
370 2237 428 2270 esset.
468 2231 551 2270 Dimisit
572 2237 638 2270 autem
652 2231 708 2270 illum
724 2231 797 2270 dicens.

38 2294 63 2328 39
88 2289 145 2328 Vade
160 2289 181 2326 in
196 2287 274 2327 domum
290 2294 350 2334 tuam,
366 2294 387 2327 et
402 2302 471 2327 enarra
486 2295 559 2335 quanta
575 2289 613 2328 tibi
627 2290 675 2327 fecit
685 2290 739 2327 deus.
769 2288 798 2326 Et

36 2346 86 2386 abiit
100 2360 136 2394 per
151 2350 212 2385 totam
228 2345 327 2384 civitatem
344 2352 364 2384 et
378 2346 500 2393 praedicabat
519 2353 593 2394 quanta
607 2347 682 2385 fecerat
699 2347 718 2385 ei
740 2345 797 2384 Iesus

36 2406 63 2443 40
79 2403 162 2443 Factum
178 2408 209 2442 est
224 2408 289 2441 autem
304 2416 347 2441 cum
363 2404 448 2442 redisset
462 2403 526 2454 Iesus,
550 2405 628 2451 excepit
649 2403 704 2442 illum
727 2403 796 2443 turba:

36 2466 93 2500 erant
108 2462 159 2500 enim
175 2474 241 2499 omnes
257 2466 383 2507 expectantes
398 2473 448 2500 eum.
474 2463 500 2499 41
517 2461 604 2500 Etcum
619 2461 706 2500 venisset
720 2461 751 2499 vir
766 2461 798 2499 cui

35 2532 106 2557 nomen
121 2523 163 2557 erat
180 2517 253 2570 Iatrus,
268 2519 359 2566 princeps
375 2531 485 2566 synagogae,
506 2519 577 2557 66611111
593 2518 617 2557 ad
632 2518 692 2566 pedes
708 2518 756 2565 eius,
777 2523 798 2556 et

35 2575 117 2623 rogabat
132 2589 177 2614 eum
191 2582 215 2614 ut
229 2576 322 2615 introiret
344 2576 365 2614 iu
381 2575 459 2615 domum
475 2578 530 2614 eius:
557 2578 584 2615 42
611 2577 656 2622 quia
678 2575 724 2621 filia
740 2575 798 2613 unica

36 2633 133 2672 erat·illi
157 2633 210 2671 ferre
236 2646 330 2672 annorum
354 2631 405 2683 ΧΠ,
426 2637 447 2671 61
470 2633 514 2672 haec
539 2633 666 2681 moriebatur.
703 2632 732 2671 Et
754 2644 798 2672 con-

35 2691 82 2739 tigit
97 2691 143 2729 dum
158 2691 196 2729 iret
212 2690 269 2730 Iesus
285 2704 296 2729 a
310 2689 374 2730 turbis
390 2690 561 2737 comprimebatur.
583 2693 609 2729 43
625 2690 653 2729 Et
668 2701 713 2729 ecce
727 2690 801 2729 m'ulier
