1837 2928
46 51 65 86 0.
78 48 106 84 24.
400 42 402 45 ’
416 50 460 85 Luc.
762 55 801 93 107

43 173 79 213 XI
94 181 114 214 et
129 176 163 223 qui
178 190 221 214 oum
237 177 265 214 eis
281 182 343 226 erant,
375 179 400 214 34
417 175 504 214 dieentes
521 173 616 221 Qouniam
631 188 677 220 rere
692 178 802 215 resurrexit

42 232 134 272 dominus
160 239 180 271 et
204 234 258 273 visus
284 238 315 271 est
339 232 420 273 Simoni.
460 238 485 272 35
513 232 542 271 Ee
562 232 601 279 ipsi
626 233 747 281 exponebant
771 235 799 273 eis

41 302 89 337 ¹quae
104 290 124 329 in
139 290 174 336 via
187 296 230 329 acta
245 297 292 330 sunt
307 296 327 329 et
346 291 437 339 quoniam
447 292 502 338 visus
517 295 548 329 est
560 290 599 328 illis
613 290 633 328 in
641 291 696 337 panis
705 292 798 331 fractura.

45 352 70 386 36
87 347 139 387 Haec
154 360 197 387 cum
208 349 237 387 illi
247 348 374 397 loquerentur
384 348 426 396 ipse
435 348 524 386 dominus
540 348 598 387 stetit
612 347 632 385 in
640 348 703 386 medio
713 350 799 396 ipsorum

44 409 71 442 et·
80 405 131 443 dixit
145 405 185 445 illis
195 406 238 444 Pax
252 406 359 457 vobiscum,
375 419 410 453 ego
426 419 476 456 sum³
491 405 552 443 nolite
567 406 644 443 timere.
676 407 701 444 37
718 407 800 446 Turbati

40 467 109 500 autem
125 467 145 500 et
160 464 181 502 in
196 464 266 502 timore
281 464 337 502 missi
351 469 472 510 putaverunt
487 476 507 500 se
523 463 615 509 spiritum
629 462 703 501 videre.
721 467 746 501 38
762 463 799 502 Ille

41 524 109 558 autem
125 520 175 558 dixit
189 521 229 559 illis
237 519 291 567 Quid
300 520 375 559 turbati
386 520 434 559 estis
448 526 469 558 et
479 531 538 567 quare
551 520 681 567 cogitationes
692 521 799 559 ascendunt

42 577 63 614 in
78 588 111 615 cor
125 581 228 616 vestrum?
259 582 284 616 39
300 577 374 616 Videte
384 590 451 616 manus
469 590 522 614 meas
538 582 558 614 et
575 577 640 625 pedes,
658 578 748 624 quoniam
764 591 799 625 ego

40 633 84 679 ipse
100 646 153 675 snm:
168 635 247 682 palpate
262 640 283 673 et
299 634 364 673 videte
378 648 416 684 me,
432 634 523 681 quoniam
538 633 620 679 spiritus
636 633 713 672 carnem
727 640 747 672 et
756 648 799 673 ossa

41 702 80 727 non
95 690 156 729 habet
170 692 223 731 sicut·
235 704 266 729 me
281 691 354 730 videtis
373 691 484 729 habentem.
514 692 541 728 40
557 690 585 728 Fe
599 702 643 728 oum
657 690 694 729 hoc
710 691 798 741 dixisset,

38 746 128 785 ostendit
143 748 171 786 eis
186 760 255 786 manus
271 754 291 785 et
306 748 372 794 pedes.
403 750 428 785 41
456 746 505 786 (him
520 746 584 784 adhuc
599 751 664 785 autem
679 761 717 785 non
733 748 798 786 crode·

41 809 86 841 rent
101 810 121 841 et
135 805 257 843 mirabantur
279 817 290 841 a
312 805 389 851 gaudio,
413 804 464 842 dixit
486 804 511 841 ad
531 816 564 841 eos
579 802 636 841 Iesus
660 803 743 843 Habetis
765 805 798 843 hic

40 859 115 908 aliquid
131 861 183 907 quod
197 860 340 899 manducetur?
370 863 397 898 42
412 860 442 898 At
459 857 489 899 illi
504 860 618 899 obtulerunt
637 861 655 898 ei
670 867 745 907 partem
760 862 798 908 pis·

40 917 69 954 cis
85 918 124 955 assi
140 923 160 956 et
174 923 305 965 porrexerunt
319 919 338 956 ei
353 923 375 956 et
395 918 462 956 favum
482 917 555 956 mellis:
586 920 612 956 43
637 918 712 964 accepit
734 931 798 957 coram
853 923 855 926 “

41 973 86 1020 illis,
103 987 181 1013 sumens
196 975 289 1020 reliquias
305 974 360 1013 dedit
375 974 409 1013 eis.
436 977 462 1012 44
478 973 505 1012 Et
521 974 571 1012 dixit
586 975 611 1013 ad
626 987 659 1013 eos
674 974 712 1013 Isti
727 988 798 1014 sermo-

41 1043 75 1068 nes
91 1037 137 1069 sunt
152 1044 199 1079 quos
214 1032 291 1070 loeutus
302 1045 344 1070 sum
356 1031 425 1070 advos
437 1043 480 1069 eum
490 1031 553 1069 adhuc
562 1044 624 1069 essem
632 1031 737 1080 vobiscum¹
752 1033 797 1080 quia

37 1093 119 1133 ottoni-et
133 1088 211 1135 impleri
231 1089 296 1127 omnia
315 1101 359 1136 quae
382 1089 457 1135 scripta
479 1093 525 1126 sunt
546 1088 567 1125 in
588 1088 630 1135 lege
645 1088 711 1134 Moysi
734 1095 754 1127 et
776 1089 796 1127 in

39 1144 141 1191 prophetis
157 1150 177 1183 et
191 1146 212 1183 in
227 1145 307 1193 psalmis
323 1145 346 1183 de
362 1158 399 1184 me,
430 1148 456 1183 45
474 1145 528 1182 Tunc
539 1146 617 1191 aperuit
632 1145 671 1182 illis
687 1158 766 1183 sensum
774 1153 796 1184 nt

38 1200 172 1248 intelligerent
186 1202 300 1251 scripturas,
326 1204 353 1240 46
370 1206 391 1239 et
406 1201 456 1239 dixit
471 1201 511 1239 illis
520 1199 571 1246 Quia
585 1202 680 1248 scriptum
696 1207 727 1240 est
742 1201 797 1241 01111-

39 1263 91 1295 stum
107 1259 149 1304 pati
165 1264 185 1296 et
199 1272 301 1305 resurgere
317 1272 328 1296 a
343 1258 426 1297 mortuis
447 1258 509 1296 tercia
531 1258 568 1306 die,
600 1259 626 1296 47
650 1263 670 1296 et
690 1258 796 1312 praedicari

35 1314 60 1351 in
78 1315 155 1353 nomine
178 1316 220 1353 eius
242 1315 377 1361 poenitenciam
402 1320 422 1353 et
441 1315 524 1353 remissa
543 1321 669 1361 peecatorum
691 1328 753 1362 usquo
775 1316 796 1354 in

35 1384 105 1409 omnes
119 1377 194 1422 gentes
209 1372 305 1419 incipiens
320 1372 344 1410 ab
358 1371 472 1410 Ierusalem.
511 1373 536 1408 48
559 1370 588 1409 111
609 1384 643 1410 vos
665 1372 713 1410 estis
734 1377 795 1411 testes

38 1440 106 1466 eorum
136 1429 210 1475 49111
225 1442 259 1475 ego
274 1429 332 1467 mitto
354 1429 503 1475 promissionem
525 1429 587 1474 patris
609 1429 648 1466 mei
670 1441 729 1475 super
751 1442 796 1469 vos:

37 1496 72 1522 vos
88 1490 153 1522 autem
169 1485 235 1523 sedete
254 1486 274 1523 in
290 1486 377 1534 civitate7
399 1484 525 1532 quoadusque
547 1485 634 1522 induatis
656 1485 750 1523 virtutem
773 1499 798 1523 eu

35 1540 83 1579 alto,
115 1545 141 1580 50
164 1541 264 1580 Produxit
279 1548 344 1580 autem
367 1541 411 1579 illos
433 1542 482 1580 foris
503 1542 524 1579 in
539 1541 644 1591 Bethania,
670 1547 690 1580 ot
713 1542 797 1580 elevavit

33 1609 105 1635 manus
120 1611 166 1636 suas
189 1604 209 1636 et
223 1598 325 1638 benedixit
347 1597 399 1636 illos.
430 1602 454 1636 51
477 1597 505 1635 Et
525 1597 598 1635 factum
622 1603 652 1636 est
675 1612 718 1636 cum
740 1598 797 1637 bene-

35 1653 121 1692 dixisset
135 1654 179 1692 illos
195 1655 286 1693 discessit
301 1656 324 1692 ab
348 1655 383 1701 eis,
406 1659 427 1692 et
448 1653 549 1692 ferebatur
568 1655 588 1692 in
612 1655 686 1693 caelum.
719 1659 744 1693 52
768 1655 796 1693 Et

35 1710 75 1756 ipsi
96 1711 200 1749 adorantes
222 1712 297 1749 reversi
319 1716 365 1749 sunt
385 1711 405 1749 in
427 1710 534 1749 Ierusalem
561 1721 603 1748 cum
626 1710 697 1757 gaudio
719 1724 794 1761 magno,

35 1771 63 1804 53
80 1773 100 1805 et
115 1768 195 1806 fuerunt
210 1780 287 1815 semper
302 1768 322 1806 in
337 1768 410 1814 templo
425 1767 527 1805 laudantes
544 1772 564 1804 et
578 1766 716 1806 benedicentes
730 1767 794 1808 deum.

35 1823 106 1862 Amen.
308 1821 314 1828 “

128 2189 331 2254 Evauctttou
349 2203 509 2254 SEGUNDUM
528 2204 697 2254 oculatum

91 2432 107 2476 1.
140 2439 149 2472 1
168 2433 193 2472 In
207 2433 303 2481 principio
319 2439 362 2470 erat
376 2433 465 2478 verbum,
481 2438 502 2471 ot
516 2433 597 2472 verbum
612 2439 655 2471 erat
665 2433 794 2483 ,611111111611111ἓ

32 2498 56 2530 et
71 2492 119 2530 dous
139 2496 181 2530 erat
203 2489 289 2529 verbum.
328 2494 340 2526 2
364 2488 408 2526 Hoc
431 2495 474 2526 erat
495 2490 516 2527 in
538 2490 634 2536 principio
657 2489 708 2536 apud
730 2489 792 2527 deum.

33 2554 47 2588 :3
64 2546 136 2588 Omnia
150 2561 186 2595 per
200 2547 265 2593 ipsum
280 2546 332 2583 facta
347 2550 398 2594 sunt,
422 2551 443 2583 et
458 2546 500 2583 sine
521 2546 564 2593 ipso
587 2546 660 2584 factum
683 2550 713 2583 est
734 2546 794 2584 nichil

33 2606 88 2653 iquos
103 2606 178 2643 factam
194 2610 229 2643 est.
261 2605 273 2640 4
289 2602 313 2640 111
328 2603 372 2648 ipso
387 2602 429 2640 vita
444 2608 481 2652 est,
497 2609 517 2640 et
532 2604 574 2642 vit-a
589 2608 631 2641 erat
640 2603 793 2641 luthominum:

33 2667 47 2700 5
64 2668 85 2700 et
99 2661 134 2700 lux
148 2663 168 2699 in
184 2660 269 2699 tenebris
285 2659 346 2702 lucet
362 2663 382 2696 et
397 2658 484 2697 tenebrae
500 2671 543 2697 eam
551 2673 590 2698 non
599 2659 794 2705 comprehenderunt.

35 2718 113 2757 esaia
127 2718 185 2756 homo
201 2718 299 2755 missusa
320 2716 362 2765 deo,
386 2715 418 2754 cui
440 2728 511 2754 nomen
534 2721 576 2754 erat
591 2715 701 2755 Joliannes:
728 2717 739 2754 t
762 2717 794 2755 hic
