1837 2928
55 82 74 119 0.
87 84 115 118 20.
215 74 218 80 ’
419 81 465 117 Luc.
788 84 812 120 00

54 214 98 253 illos
115 214 163 252 dicit
179 211 232 258 Quid
248 224 292 257 ergo
309 217 339 249 est
353 211 390 249 hoc
409 210 461 256 quod
476 210 570 256 scriptum
594 217 624 248 θεῖ
638 210 733 256 Lapidem
756 223 814 256 quem

55 271 211 317 reprobaverunt
240 268 359 316 edificantes,
392 267 424 304 liic
451 266 516 304 laetus
540 271 571 303 est
597 267 618 304 in
649 272 708 313 caput
736 267 814 314 anguli?

59 331 83 366 18
100 326 168 367 Omnis
184 326 218 372 qui
234 325 328 363 ceciderit
342 336 402 371 super
415 323 470 361 illum
486 323 571 370 lapidem
586 322 757 369 conquassabitur:
783 337 814 362 su-

56 399 92 433 per
107 397 164 431 quem
179 382 273 421 ceciderit
288 387 360 433 autem,
376 381 494 418 comminuet
508 381 569 419 illum.
602 385 626 418 19
650 380 678 418 Εῖ
700 381 814 427 quaerebant

55 442 154 490 principes
169 439 292 479 sacerdotum
308 432 328 477 ct
344 437 413 476 scribae
428 438 507 476 mittere
523 439 543 475 in
558 437 613 475 illum
624 451 692 475 monus
707 437 812 487 ipsahom,

56 506 77 537 et
91 500 200 536 timuerunt
214 496 317 545 populum:
344 500 477 542 cognoverunt
496 496 548 533 enim
570 494 622 540 quod
644 495 668 532 ad
690 495 740 532 istos
763 495 814 532 dixit

57 555 205 594 similitudinem
220 555 284 592 istam.
316 556 341 590 20
357 552 385 590 Mt
400 565 443 589 cum
458 551 556 590 redissent
570 551 667 597 principes
690 551 813 589 sacerdotum

57 613 196 650 summiserunt
217 610 342 649 insidiatores
365 608 441 655 quise
463 608 525 646 iustos
546 608 666 657 simularent,
694 612 716 645 ut
746 621 814 654 appre-

56 669 165 706 henderent
179 679 288 705 sermonem
303 666 353 715 eius,
368 670 389 703 et
403 665 504 702 traderent
514 664 568 701 illum
579 665 673 710 potestati
684 669 704 702 et
712 665 813 710 magistra-

56 732 88 762 tus
104 730 124 761 et
138 723 235 769 praesidis
267 727 291 759 21
309 721 336 759 Et
351 723 521 767 interrogaverunt
535 720 590 758 illum
609 720 695 758 dicentes
711 720 812 769 Magister,

57 781 128 818 scimus
144 779 196 824 quod
211 784 264 816 recte
280 778 329 815 dicis
355 783 375 815 et
389 790 428 814 non
448 777 520 822 accipis
535 790 643 825 personam,
667 776 701 814 sed
723 777 743 813 in
764 776 814 814 rcri-

57 842 98 876 tate
113 838 165 877 riam
181 835 212 874 dei
231 834 297 875 doces:
328 838 355 872 22
370 833 417 873 licet
431 833 487 873 nobis
503 833 548 872 dare
571 833 667 873 tributum
689 833 759 872 caecari
780 840 815 871 aut

57 898 108 935 non?
139 898 164 933 23
182 892 312 934 Considerans
328 898 392 932 autem
406 892 472 932 dolum
486 892 564 932 illorum
580 892 630 931 dixit
645 892 670 931 ad
680 905 712 931 eos
721 889 774 938 Quid
784 905 814 931 me

57 953 174 1001 temptatis?
197 954 223 991 24
240 950 344 990 Ostendite
352 948 401 992 mihi
410 951 516 989 denarium.
532 952 560 990 Et
571 950 699 990 ostenderunt
707 950 813 989 denarium.
829 974 832 979 Δ

57 1011 85 1050 Et
101 1011 152 1049 dixit
167 1010 195 1048 cis
211 1008 272 1048 Ouius
287 1009 347 1048 habet
361 1009 463 1055 imaginem
480 1015 500 1046 et
515 1009 656 1055 scriptionem?
685 1007 813 1055 Responden-

57 1076 87 1106 tes
104 1068 196 1106 dixerunt
211 1064 315 1105 (laesuris'
333 1070 358 1104 25
374 1065 403 1104 Et
417 1066 446 1104 ait
459 1065 499 1103 illis
514 1065 599 1104 Reddite
615 1078 660 1112 ergo
675 1078 719 1111 quoe
735 1066 813 1104 caesaris

57 1131 104 1163 sunt
118 1124 192 1171 caesari,
217 1129 237 1161 θῖ
250 1137 294 1170 quae
310 1123 341 1161 dei
356 1128 402 1161 sunt
417 1123 459 1162 cleo.
491 1127 516 1161 26
531 1122 560 1161 Εῖ
575 1123 814 1168 nonpotuernntrerbum

57 1182 100 1218 eius
115 1179 259 1227 reprehendere
275 1193 339 1218 coram
354 1179 416 1225 plebe,
433 1185 453 1216 et
468 1180 534 1217 mirati
549 1180 568 1216 in
584 1192 677 1224 responso
693 1179 735 1216 eius
750 1187 814 1216 tacue-

57 1243 109 1275 runt.
140 1239 166 1274 27
183 1237 315 1274 Accesserunt
330 1242 396 1273 autem
419 1235 497 1282 quidam
513 1234 670 1284 Sadducaeorum,
695 1236 728 1280 qui
743 1241 815 1282 negant

57 1307 100 1332 esse
115 1292 288 1338 resurreccionem,
312 1300 332 1330 et
353 1293 525 1338 interrogaverunt
544 1292 597 1329 illum
622 1295 647 1329 23
672 1292 758 1330 dicentes
774 1292 814 1330 Ma-

56 1352 125 1401 gister,
148 1350 227 1394 Moyses
243 1350 322 1395 scripsit
338 1349 393 1387 nobis
409 1348 431 1386 Si
450 1348 513 1386 frater
537 1349 619 1387 alicuius
642 1356 730 1387 mortuus
752 1349 814 1387 fuerit

57 1407 131 1445 habens
146 1419 234 1455 uxorem,
250 1412 270 1443 et
284 1405 317 1443 hic
333 1406 374 1443 sine
389 1405 435 1442 filiis
446 1411 534 1442 mortuns
550 1405 618 1456 fuerit,
633 1411 656 1442 ut
672 1406 756 1451 accipiat
771 1418 814 1442 eam

57 1464 120 1501 frater
135 1464 176 1500 eius
191 1475 272 1499 uxorem
288 1467 309 1499 et
318 1462 423 1499 resuscitet
433 1474 499 1499 semen
509 1462 568 1499 fratri
578 1475 619 1500 suo.
644 1466 669 1499 20
680 1461 759 1507 Septem
770 1474 815 1507 ergo

56 1520 128 1556 fratres
144 1524 201 1555 crant
213 1518 265 1562 apud
275 1529 321 1555 nos:
339 1524 359 1554 et
373 1518 448 1563 primus
464 1518 539 1563 accepit
553 1529 634 1555 uxorem
650 1524 670 1554 ct
685 1523 774 1555 mortuus
785 1524 816 1554 est

58 1576 99 1612 sine
110 1575 160 1613 filio:
178 1578 203 1611 30
215 1579 236 1610 et
247 1585 330 1618 sequens
341 1573 417 1618 accepit
426 1573 486 1622 illam,
497 1579 517 1610 et
527 1572 560 1610 ille
570 1578 659 1611 mortuus
670 1574 752 1611 estsine
763 1573 813 1612 lilio:

59 1634 82 1668 31
101 1638 121 1668 et
136 1630 209 1667 tercius
225 1631 301 1676 accepit
315 1629 368 1667 illam
384 1634 404 1666 et
419 1634 507 1667 mortuus
524 1635 554 1668 θεῖ
569 1630 610 1667 sinc
625 1629 672 1679 filio,
688 1629 779 1667 similiter
794 1636 814 1667 et

58 1701 123 1727 omncs
139 1694 220 1738 septem,
237 1694 258 1726 et
272 1701 311 1726 non
325 1687 448 1734 reliquerunt
462 1686 518 1727 lilios.
558 1692 583 1726 32
599 1687 679 1726 Mortua
694 1697 725 1726 est
739 1694 760 1735 et
773 1701 815 1726 mu-

57 1746 99 1785 lier¹
132 1750 156 1784 33
180 1745 204 1784 ln
220 1745 365 1784 resurreccione
381 1758 426 1792 crgo
449 1746 504 1784 cuius
526 1759 592 1784 corum
616 1747 654 1784 erit
675 1748 739 1784 uxor?
769 1759 814 1784 nam

57 1810 132 1850 septem
145 1802 257 1841 habuerunt
277 1803 329 1841 illam
352 1815 439 1843 uxorem.
472 1806 497 1841 34
527 1802 555 1841 Εῖ
577 1804 605 1841 ait
627 1803 666 1841 illis
688 1803 745 1842 Iesus
766 1803 814 1842 Filii

57 1861 116 1899 liuius
132 1861 200 1898 saeculi
214 1865 308 1907 generant
323 1865 343 1897 et
357 1867 486 1911 generantur,
509 1869 529 1898 at
551 1861 573 1898 hi
596 1861 629 1906 qui
645 1861 697 1907 digni
717 1861 815 1900 habentur

58 1918 125 1955 siusuli
140 1917 193 1955 illius
215 1919 235 1955 in
258 1918 403 1955 resurreccione
426 1925 547 1955 mortuorum
568 1930 631 1963 neque
654 1918 730 1956 nubunt
752 1929 815 1965 neque

58 1974 132 2012 ducunt
146 1985 227 2012 uxores:
255 1978 280 2012 36
297 1986 359 2019 neque
375 1974 427 2016 enim
442 1974 558 2024 moriuntur,
574 1988 618 2012 nam
634 1981 680 2012 sunt
695 1975 768 2012 similes
784 1988 816 2012 an·

57 2031 106 2076 gelis
122 2030 154 2067 dci
169 2031 215 2076 quia
230 2030 381 2067 resurreccionis
396 2030 431 2067 filii
446 2039 498 2068 sunt.
531 2032 556 2069 37
580 2029 677 2076 Quoniam
692 2044 738 2069 vere
753 2044 816 2069 resur-

57 2091 106 2132 gunt
120 2087 200 2133 mortui,
223 2086 302 2130 Moyses
318 2085 405 2122 ostendit
420 2086 472 2123 sicut
487 2086 538 2123 dixit
553 2086 601 2124 Vidi
617 2088 637 2124 in
652 2087 701 2125 rubo
717 2088 815 2125 dominum

58 2142 115 2179 deum
131 2141 232 2188 Abraham
248 2148 269 2178 et
284 2142 341 2178 deum
356 2141 435 2179 Ysaacli
453 2147 473 2178 et
489 2142 546 2179 deum
561 2141 632 2181 iacob:
664 2147 689 2180 38
706 2143 753 2180 deus
770 2156 814 2188 erro

58 2204 179 2234 mortuorum
194 2210 232 2234 non
248 2203 278 2233 est
293 2197 328 2234 sed
342 2197 442 2236 vivorum:
465 2210 530 2235 omnes
553 2199 604 2234 enim
627 2199 700 2236 vivent.
731 2203 757 2236 20
787 2198 816 2235 Et

57 2253 197 2298 respondentes
213 2252 292 2297 quidam
308 2252 416 2290 scribarum
436 2253 528 2290 dixerunt
543 2253 644 2302 Magister,
667 2254 716 2292 bene
739 2254 813 2293 dixisti.

57 2313 84 2346 40
100 2309 128 2346 Et
144 2309 226 2355 amplius
242 2321 280 2345 non
295 2314 341 2345 sunt
351 2308 394 2346 ausi
405 2321 447 2346 eum
460 2310 563 2355 quicquam
573 2310 699 2357 interrogare.
720 2313 745 2347 41
757 2310 815 2347 Dixit

58 2372 124 2406 autem
139 2365 164 2405 ad
180 2365 223 2405 illos
231 2364 288 2404 Iesus
299 2362 401 2411 Quomodo
417 2366 595 2407 dicuntOhristnm
609 2367 670 2407 filium
678 2368 743 2407 David
758 2370 815 2407 esse?

58 2427 85 2463 42
101 2431 121 2464 θῖ
136 2425 178 2472 ipse
193 2423 258 2463 David
273 2424 322 2462 dicit
335 2424 355 2462 in
370 2423 420 2463 libro
435 2424 554 2472 psalmorum
564 2426 619 2465 Dicit
634 2426 722 2465 dominus
738 2427 814 2465 domino

57 2496 100 2521 meo
116 2482 166 2522 Sede
182 2497 194 2521 a
209 2483 283 2521 dextris
298 2482 347 2520 meis
377 2484 403 2520 43
435 2483 496 2521 donec
510 2497 582 2530 ponam
603 2485 693 2522 inimicos
711 2491 756 2522 tuos
779 2484 815 2523 sub

57 2540 141 2586 pedibus
156 2540 212 2578 tuis?
238 2542 264 2577 44
281 2539 303 2578 Si
318 2538 384 2577 David
395 2539 493 2577 dominum
509 2541 565 2579 illum
579 2546 643 2592 vocat,
659 2541 754 2588 quomodo
763 2541 817 2579 filius,

58 2597 99 2635 eins
116 2599 160 2635 est?
191 2600 216 2635 45
233 2597 335 2635 Audiente
351 2601 416 2634 autem
431 2597 484 2634 omni
498 2597 570 2645 populo
586 2598 637 2636 dixit
651 2598 708 2636 Icsu's
724 2599 748 2636 ad
759 2599 816 2637 disci-

57 2650 114 2700 pulos
129 2667 181 2692 suos.
212 2657 238 2692 40
255 2653 360 2693 Attendite
376 2666 387 2690 a
402 2653 477 2702 scribis,
495 2656 528 2700 qui
542 2655 612 2693 volunt
620 2655 717 2694 ambulare
728 2656 748 2693 in
759 2656 815 2694 stolis

58 2715 78 2749 et
93 2717 159 2749 amant
174 2711 304 2749 salutationes
319 2710 340 2747 in
355 2710 397 2748 foro
413 2716 433 2748 θῖ
448 2711 520 2757 primas
544 2712 647 2750 cathedras
669 2713 690 2750 in
713 2714 817 2760 synagogis
