<?xml version="1.0" encoding="UTF-8"?>
<!DOCTYPE html PUBLIC "-//W3C//DTD XHTML 1.0 Transitional//EN"
    "http://www.w3.org/TR/xhtml1/DTD/xhtml1-transitional.dtd">
<html xmlns="http://www.w3.org/1999/xhtml" xml:lang="en" lang="en">
 <head>
  <title>
</title>
<meta http-equiv="Content-Type" content="text/html;charset=utf-8" />
  <meta name='ocr-system' content='tesseract 3.04.00' />
  <meta name='ocr-capabilities' content='ocr_page ocr_carea ocr_par ocr_line ocrx_word'/>
</head>
<body>
  <div class='ocr_page' id='page_1' title='image "MN41417ucmf_6_0072.png"; bbox 0 0 1869 2914; ppageno 0'>
   <div class='ocr_carea' id='block_1_1' title="bbox 115 61 876 106">
    <p class='ocr_par' dir='ltr' id='par_1_1' title="bbox 115 61 876 106">
     <span class='ocr_line' id='line_1_1' title="bbox 115 61 876 106; baseline 0.001 -10"><span class='ocrx_word' id='word_1_1' title='bbox 115 70 141 106; x_wconf 69' lang='grc'>51</span> <span class='ocrx_word' id='word_1_2' title='bbox 443 61 479 97; x_wconf 78' lang='lat' dir='ltr'>Flu.</span> <span class='ocrx_word' id='word_1_3' title='bbox 493 70 528 97; x_wconf 86' lang='lat' dir='ltr'>seo.</span> <span class='ocrx_word' id='word_1_4' title='bbox 710 85 712 88; x_wconf 89' lang='lat'><em>-</em></span> <span class='ocrx_word' id='word_1_5' title='bbox 793 61 813 97; x_wconf 80' lang='lat' dir='ltr'>G.</span> <span class='ocrx_word' id='word_1_6' title='bbox 826 61 842 98; x_wconf 85' lang='grc'>1.</span> <span class='ocrx_word' id='word_1_7' title='bbox 855 64 876 98; x_wconf 57' lang='lat'>8¹„</span> 
     </span>
    </p>
   </div>
   <div class='ocr_carea' id='block_1_2' title="bbox 110 187 877 2789">
    <p class='ocr_par' dir='ltr' id='par_1_2' title="bbox 110 187 877 2336">
     <span class='ocr_line' id='line_1_2' title="bbox 113 187 875 229; baseline -0.001 -1"><span class='ocrx_word' id='word_1_8' title='bbox 113 188 226 228; x_wconf 82' lang='lat' dir='ltr'>huiusmodi</span> <span class='ocrx_word' id='word_1_9' title='bbox 240 187 303 227; x_wconf 83' lang='lat' dir='ltr'>multa</span> <span class='ocrx_word' id='word_1_10' title='bbox 317 188 390 228; x_wconf 85' lang='lat' dir='ltr'>facitis.</span> <span class='ocrx_word' id='word_1_11' title='bbox 416 190 441 225; x_wconf 99' lang='lat'>14</span> <span class='ocrx_word' id='word_1_12' title='bbox 463 187 490 225; x_wconf 72' lang='lat' dir='ltr'>Et</span> <span class='ocrx_word' id='word_1_13' title='bbox 506 188 602 227; x_wconf 78' lang='lat' dir='ltr'>advocans</span> <span class='ocrx_word' id='word_1_14' title='bbox 618 188 642 227; x_wconf 92' lang='lat' dir='ltr'>ad</span> <span class='ocrx_word' id='word_1_15' title='bbox 662 201 682 227; x_wconf 86' lang='lat' dir='ltr'>se</span> <span class='ocrx_word' id='word_1_16' title='bbox 705 188 773 228; x_wconf 78' lang='lat' dir='ltr'><strong>turbas</strong></span> <span class='ocrx_word' id='word_1_17' title='bbox 796 188 875 229; x_wconf 84' lang='lat' dir='ltr'>dicebat</span> 
     </span>
     <span class='ocr_line' id='line_1_3' title="bbox 113 244 876 291; baseline 0 -6"><span class='ocrx_word' id='word_1_18' title='bbox 113 247 152 286; x_wconf 88' lang='lat' dir='ltr'>illis</span> <span class='ocrx_word' id='word_1_19' title='bbox 160 246 236 285; x_wconf 84' lang='lat' dir='ltr'>Audite</span> <span class='ocrx_word' id='word_1_20' title='bbox 252 258 282 284; x_wconf 85' lang='lat' dir='ltr'>ma</span> <span class='ocrx_word' id='word_1_21' title='bbox 299 259 365 284; x_wconf 90' lang='lat' dir='ltr'>omnes</span> <span class='ocrx_word' id='word_1_22' title='bbox 381 244 519 291; x_wconf 84' lang='lat' dir='ltr'>etintelligite.</span> <span class='ocrx_word' id='word_1_23' title='bbox 538 248 562 283; x_wconf 87' lang='lat'>15</span> <span class='ocrx_word' id='word_1_24' title='bbox 579 245 647 284; x_wconf 86' lang='lat' dir='ltr'>Nichil</span> <span class='ocrx_word' id='word_1_25' title='bbox 663 251 693 284; x_wconf 88' lang='lat' dir='ltr'>est</span> <span class='ocrx_word' id='word_1_26' title='bbox 708 250 764 285; x_wconf 87' lang='lat' dir='ltr'>extra</span> <span class='ocrx_word' id='word_1_27' title='bbox 774 247 876 286; x_wconf 88' lang='lat' dir='ltr'>hominem</span> 
     </span>
     <span class='ocr_line' id='line_1_4' title="bbox 113 302 877 353; baseline 0 -11"><span class='ocrx_word' id='word_1_28' title='bbox 113 304 209 342; x_wconf 87' lang='lat' dir='ltr'>introiens</span> <span class='ocrx_word' id='word_1_29' title='bbox 224 304 245 341; x_wconf 90' lang='lat' dir='ltr'>in</span> <span class='ocrx_word' id='word_1_30' title='bbox 261 317 305 342; x_wconf 90' lang='lat' dir='ltr'>eum</span> <span class='ocrx_word' id='word_1_31' title='bbox 321 302 373 351; x_wconf 87' lang='lat' dir='ltr'>quod</span> <span class='ocrx_word' id='word_1_32' title='bbox 396 315 440 340; x_wconf 91' lang='lat' dir='ltr'>eum</span> <span class='ocrx_word' id='word_1_33' title='bbox 461 303 526 348; x_wconf 90' lang='lat' dir='ltr'>possit</span> <span class='ocrx_word' id='word_1_34' title='bbox 549 303 697 352; x_wconf 84' lang='lat' dir='ltr'>communicare,</span> <span class='ocrx_word' id='word_1_35' title='bbox 723 303 758 342; x_wconf 86' lang='lat' dir='ltr'>sed</span> <span class='ocrx_word' id='word_1_36' title='bbox 783 317 826 353; x_wconf 85' lang='lat' dir='ltr'>quae</span> <span class='ocrx_word' id='word_1_37' title='bbox 850 304 877 342; x_wconf 84' lang='lat' dir='ltr'>de</span> 
     </span>
     <span class='ocr_line' id='line_1_5' title="bbox 112 359 874 410; baseline -0.001 -11"><span class='ocrx_word' id='word_1_38' title='bbox 112 361 191 400; x_wconf 88' lang='lat' dir='ltr'>homine</span> <span class='ocrx_word' id='word_1_39' title='bbox 206 360 319 410; x_wconf 79' lang='lat' dir='ltr'>procedent,</span> <span class='ocrx_word' id='word_1_40' title='bbox 335 359 369 398; x_wconf 85' lang='lat' dir='ltr'>illa</span> <span class='ocrx_word' id='word_1_41' title='bbox 384 363 430 397; x_wconf 85' lang='lat' dir='ltr'>sunt</span> <span class='ocrx_word' id='word_1_42' title='bbox 445 371 489 405; x_wconf 83' lang='lat' dir='ltr'>quae</span> <span class='ocrx_word' id='word_1_43' title='bbox 506 361 650 398; x_wconf 88' lang='lat' dir='ltr'>communicant</span> <span class='ocrx_word' id='word_1_44' title='bbox 664 360 769 401; x_wconf 86' lang='lat' dir='ltr'>hominem.</span> <span class='ocrx_word' id='word_1_45' title='bbox 797 365 821 400; x_wconf 82' lang='grc'>16</span> <span class='ocrx_word' id='word_1_46' title='bbox 845 361 874 400; x_wconf 80' lang='lat' dir='ltr'>Et</span> 
     </span>
     <span class='ocr_line' id='line_1_6' title="bbox 113 415 874 464; baseline -0.001 -7"><span class='ocrx_word' id='word_1_47' title='bbox 113 420 130 456; x_wconf 83' lang='lat' dir='ltr'>si</span> <span class='ocrx_word' id='word_1_48' title='bbox 146 419 190 464; x_wconf 89' lang='lat' dir='ltr'>quis</span> <span class='ocrx_word' id='word_1_49' title='bbox 200 418 260 457; x_wconf 85' lang='lat' dir='ltr'>habat</span> <span class='ocrx_word' id='word_1_50' title='bbox 275 430 332 455; x_wconf 88' lang='lat' dir='ltr'>aures</span> <span class='ocrx_word' id='word_1_51' title='bbox 347 415 439 455; x_wconf 87' lang='lat' dir='ltr'>audiendi</span> <span class='ocrx_word' id='word_1_52' title='bbox 454 416 526 456; x_wconf 89' lang='lat' dir='ltr'>audiat.</span> <span class='ocrx_word' id='word_1_53' title='bbox 546 418 571 456; x_wconf 76' lang='grc'>11</span> <span class='ocrx_word' id='word_1_54' title='bbox 587 417 615 455; x_wconf 81' lang='lat' dir='ltr'>Et</span> <span class='ocrx_word' id='word_1_55' title='bbox 630 429 674 455; x_wconf 89' lang='lat' dir='ltr'>cum</span> <span class='ocrx_word' id='word_1_56' title='bbox 684 418 787 456; x_wconf 86' lang='lat' dir='ltr'>introisset</span> <span class='ocrx_word' id='word_1_57' title='bbox 795 418 874 456; x_wconf 88' lang='lat' dir='ltr'>domum</span> 
     </span>
     <span class='ocr_line' id='line_1_7' title="bbox 114 473 873 524; baseline -0.001 -10"><span class='ocrx_word' id='word_1_58' title='bbox 114 489 125 513; x_wconf 94' lang='lat' dir='ltr'>a</span> <span class='ocrx_word' id='word_1_59' title='bbox 147 475 218 524; x_wconf 71' lang='lat' dir='ltr'>turbis,</span> <span class='ocrx_word' id='word_1_60' title='bbox 242 473 389 521; x_wconf 83' lang='lat' dir='ltr'>interrogabant</span> <span class='ocrx_word' id='word_1_61' title='bbox 415 486 459 511; x_wconf 89' lang='lat' dir='ltr'>eum</span> <span class='ocrx_word' id='word_1_62' title='bbox 484 473 576 521; x_wconf 89' lang='lat' dir='ltr'>discipuli</span> <span class='ocrx_word' id='word_1_63' title='bbox 603 474 645 512; x_wconf 85' lang='lat' dir='ltr'>eius</span> <span class='ocrx_word' id='word_1_64' title='bbox 669 474 781 520; x_wconf 88' lang='lat' dir='ltr'>parabolam</span> <span class='ocrx_word' id='word_1_65' title='bbox 808 475 873 513; x_wconf 84' lang='lat' dir='ltr'>istam.</span> 
     </span>
     <span class='ocr_line' id='line_1_8' title="bbox 115 530 875 576; baseline 0 -6"><span class='ocrx_word' id='word_1_66' title='bbox 115 536 139 570; x_wconf 83' lang='lat'>18</span> <span class='ocrx_word' id='word_1_67' title='bbox 155 532 184 570; x_wconf 79' lang='lat' dir='ltr'>Et</span> <span class='ocrx_word' id='word_1_68' title='bbox 199 533 227 570; x_wconf 89' lang='lat' dir='ltr'>ait</span> <span class='ocrx_word' id='word_1_69' title='bbox 242 531 281 569; x_wconf 90' lang='lat' dir='ltr'>illis</span> <span class='ocrx_word' id='word_1_70' title='bbox 297 530 330 569; x_wconf 84' lang='lat' dir='ltr'>Sic</span> <span class='ocrx_word' id='word_1_71' title='bbox 353 534 373 568; x_wconf 88' lang='lat' dir='ltr'>et</span> <span class='ocrx_word' id='word_1_72' title='bbox 394 543 430 569; x_wconf 84' lang='lat' dir='ltr'>vos</span> <span class='ocrx_word' id='word_1_73' title='bbox 452 530 581 576; x_wconf 73' lang='lat' dir='ltr'>inprudentes</span> <span class='ocrx_word' id='word_1_74' title='bbox 598 532 661 569; x_wconf 87' lang='lat' dir='ltr'>estis?</span> <span class='ocrx_word' id='word_1_75' title='bbox 684 544 722 569; x_wconf 91' lang='lat' dir='ltr'>non</span> <span class='ocrx_word' id='word_1_76' title='bbox 745 530 875 570; x_wconf 71' lang='lat' dir='ltr'>intellexistis</span> 
     </span>
     <span class='ocr_line' id='line_1_9' title="bbox 113 587 875 637; baseline -0.003 -9"><span class='ocrx_word' id='word_1_77' title='bbox 113 589 204 637; x_wconf 87' lang='lat' dir='ltr'>quoniam</span> <span class='ocrx_word' id='word_1_78' title='bbox 219 601 275 627; x_wconf 89' lang='lat' dir='ltr'>omue</span> <span class='ocrx_word' id='word_1_79' title='bbox 291 588 343 633; x_wconf 85' lang='lat' dir='ltr'>quod</span> <span class='ocrx_word' id='word_1_80' title='bbox 353 587 424 625; x_wconf 80' lang='lat' dir='ltr'>introit</span> <span class='ocrx_word' id='word_1_81' title='bbox 434 587 556 626; x_wconf 85' lang='lat' dir='ltr'>extrinsecus</span> <span class='ocrx_word' id='word_1_82' title='bbox 566 587 694 626; x_wconf 86' lang='lat' dir='ltr'>inhominem</span> <span class='ocrx_word' id='word_1_83' title='bbox 708 601 748 627; x_wconf 89' lang='lat' dir='ltr'>non</span> <span class='ocrx_word' id='word_1_84' title='bbox 755 593 822 634; x_wconf 85' lang='lat' dir='ltr'>potest</span> <span class='ocrx_word' id='word_1_85' title='bbox 829 602 875 627; x_wconf 90' lang='lat' dir='ltr'>eum</span> 
     </span>
     <span class='ocr_line' id='line_1_10' title="bbox 113 644 875 696; baseline -0.001 -12"><span class='ocrx_word' id='word_1_86' title='bbox 113 646 262 696; x_wconf 76' lang='lat' dir='ltr'>communicare,</span> <span class='ocrx_word' id='word_1_87' title='bbox 280 648 304 682; x_wconf 83' lang='grc'>19</span> <span class='ocrx_word' id='word_1_88' title='bbox 322 644 368 692; x_wconf 85' lang='lat' dir='ltr'>quia</span> <span class='ocrx_word' id='word_1_89' title='bbox 382 658 421 683; x_wconf 92' lang='lat' dir='ltr'>non</span> <span class='ocrx_word' id='word_1_90' title='bbox 436 644 497 681; x_wconf 86' lang='lat' dir='ltr'>intrat</span> <span class='ocrx_word' id='word_1_91' title='bbox 512 645 533 683; x_wconf 90' lang='lat' dir='ltr'>in</span> <span class='ocrx_word' id='word_1_92' title='bbox 549 656 582 683; x_wconf 86' lang='lat' dir='ltr'>cor</span> <span class='ocrx_word' id='word_1_93' title='bbox 597 644 640 682; x_wconf 91' lang='lat' dir='ltr'>eius</span> <span class='ocrx_word' id='word_1_94' title='bbox 655 644 690 682; x_wconf 86' lang='lat' dir='ltr'>sed</span> <span class='ocrx_word' id='word_1_95' title='bbox 705 645 725 682; x_wconf 91' lang='lat' dir='ltr'>in</span> <span class='ocrx_word' id='word_1_96' title='bbox 740 650 837 696; x_wconf 82' lang='lat' dir='ltr'>ventrem,</span> <span class='ocrx_word' id='word_1_97' title='bbox 854 650 875 684; x_wconf 84' lang='lat' dir='ltr'>et</span> 
     </span>
     <span class='ocr_line' id='line_1_11' title="bbox 112 701 875 751; baseline 0 -11"><span class='ocrx_word' id='word_1_98' title='bbox 112 703 132 740; x_wconf 92' lang='lat' dir='ltr'>in</span> <span class='ocrx_word' id='word_1_99' title='bbox 148 714 246 741; x_wconf 87' lang='lat' dir='ltr'>secessum</span> <span class='ocrx_word' id='word_1_100' title='bbox 262 702 309 751; x_wconf 84' lang='lat' dir='ltr'>exit,</span> <span class='ocrx_word' id='word_1_101' title='bbox 330 714 415 748; x_wconf 80' lang='lat' dir='ltr'>purgans</span> <span class='ocrx_word' id='word_1_102' title='bbox 436 703 513 739; x_wconf 81' lang='lat' dir='ltr'>escam?</span> <span class='ocrx_word' id='word_1_103' title='bbox 536 705 563 739; x_wconf 85' lang='lat'>20</span> <span class='ocrx_word' id='word_1_104' title='bbox 589 701 671 739; x_wconf 79' lang='lat' dir='ltr'>Dicebat</span> <span class='ocrx_word' id='word_1_105' title='bbox 693 707 759 739; x_wconf 85' lang='lat' dir='ltr'>autem</span> <span class='ocrx_word' id='word_1_106' title='bbox 782 704 875 749; x_wconf 84' lang='lat' dir='ltr'>quoniam</span> 
     </span>
     <span class='ocr_line' id='line_1_12' title="bbox 113 757 875 807; baseline 0.001 -10"><span class='ocrx_word' id='word_1_107' title='bbox 113 771 234 807; x_wconf 81' lang='lat' dir='ltr'>quaecunque</span> <span class='ocrx_word' id='word_1_108' title='bbox 262 759 286 796; x_wconf 88' lang='lat' dir='ltr'>de</span> <span class='ocrx_word' id='word_1_109' title='bbox 307 757 386 797; x_wconf 84' lang='lat' dir='ltr'>homine</span> <span class='ocrx_word' id='word_1_110' title='bbox 413 762 491 807; x_wconf 79' lang='lat' dir='ltr'>exeunt,</span> <span class='ocrx_word' id='word_1_111' title='bbox 526 758 569 805; x_wconf 89' lang='lat' dir='ltr'>ipsa</span> <span class='ocrx_word' id='word_1_112' title='bbox 595 758 738 796; x_wconf 88' lang='lat' dir='ltr'>communicant</span> <span class='ocrx_word' id='word_1_113' title='bbox 763 759 875 799; x_wconf 77' lang='lat' dir='ltr'>homiuemt</span> 
     </span>
     <span class='ocr_line' id='line_1_13' title="bbox 113 815 877 862; baseline 0 -8"><span class='ocrx_word' id='word_1_114' title='bbox 113 821 138 854; x_wconf 89' lang='grc'>21</span> <span class='ocrx_word' id='word_1_115' title='bbox 157 816 180 855; x_wconf 92' lang='lat' dir='ltr'>ab</span> <span class='ocrx_word' id='word_1_116' title='bbox 195 817 249 854; x_wconf 83' lang='lat' dir='ltr'>intus</span> <span class='ocrx_word' id='word_1_117' title='bbox 260 821 325 854; x_wconf 88' lang='lat' dir='ltr'>autem</span> <span class='ocrx_word' id='word_1_118' title='bbox 336 822 383 853; x_wconf 87' lang='lat' dir='ltr'>sunt</span> <span class='ocrx_word' id='word_1_119' title='bbox 392 815 415 853; x_wconf 90' lang='lat' dir='ltr'>de</span> <span class='ocrx_word' id='word_1_120' title='bbox 424 815 481 853; x_wconf 89' lang='lat' dir='ltr'>corde</span> <span class='ocrx_word' id='word_1_121' title='bbox 490 815 596 860; x_wconf 85' lang='lat' dir='ltr'>hominum,</span> <span class='ocrx_word' id='word_1_122' title='bbox 606 815 736 862; x_wconf 81' lang='lat' dir='ltr'>cogitationes</span> <span class='ocrx_word' id='word_1_123' title='bbox 744 815 801 854; x_wconf 88' lang='lat' dir='ltr'>malae</span> <span class='ocrx_word' id='word_1_124' title='bbox 808 828 877 862; x_wconf 85' lang='lat' dir='ltr'>proce-</span> 
     </span>
     <span class='ocr_line' id='line_1_14' title="bbox 113 871 874 923; baseline 0 -12"><span class='ocrx_word' id='word_1_125' title='bbox 113 873 169 923; x_wconf 82' lang='lat' dir='ltr'>dunt,</span> <span class='ocrx_word' id='word_1_126' title='bbox 180 872 283 922; x_wconf 73' lang='lat' dir='ltr'>adulteria,</span> <span class='ocrx_word' id='word_1_127' title='bbox 292 872 351 921; x_wconf 76' lang='lat' dir='ltr'>firrta,</span> <span class='ocrx_word' id='word_1_128' title='bbox 360 872 509 922; x_wconf 68' lang='lat' dir='ltr'>fornicaciones,</span> <span class='ocrx_word' id='word_1_129' title='bbox 517 871 629 918; x_wconf 90' lang='lat' dir='ltr'>homicidia,</span> <span class='ocrx_word' id='word_1_130' title='bbox 640 876 667 910; x_wconf 88' lang='grc'>22</span> <span class='ocrx_word' id='word_1_131' title='bbox 679 872 783 923; x_wconf 81' lang='lat' dir='ltr'>cupiditas,</span> <span class='ocrx_word' id='word_1_132' title='bbox 790 872 874 922; x_wconf 79' lang='lat' dir='ltr'>malicia,</span> 
     </span>
     <span class='ocr_line' id='line_1_15' title="bbox 113 928 874 980; baseline -0.001 -12"><span class='ocrx_word' id='word_1_133' title='bbox 113 930 176 980; x_wconf 86' lang='lat' dir='ltr'>dolus,</span> <span class='ocrx_word' id='word_1_134' title='bbox 191 929 316 978; x_wconf 77' lang='lat' dir='ltr'>inpudicicia,</span> <span class='ocrx_word' id='word_1_135' title='bbox 333 928 480 971; x_wconf 69' lang='grc' dir='ltr'>1111111111111Ἰ</span> <span class='ocrx_word' id='word_1_136' title='bbox 495 928 628 975; x_wconf 82' lang='lat' dir='ltr'>blasphemiae,</span> <span class='ocrx_word' id='word_1_137' title='bbox 645 928 742 977; x_wconf 84' lang='lat' dir='ltr'>superbia,</span> <span class='ocrx_word' id='word_1_138' title='bbox 763 929 874 976; x_wconf 86' lang='lat' dir='ltr'>impruden·</span> 
     </span>
     <span class='ocr_line' id='line_1_16' title="bbox 113 984 877 1031; baseline 0 -7"><span class='ocrx_word' id='word_1_139' title='bbox 113 987 143 1024; x_wconf 86' lang='lat' dir='ltr'>cia</span> <span class='ocrx_word' id='word_1_140' title='bbox 159 990 184 1024; x_wconf 84' lang='grc'>23</span> <span class='ocrx_word' id='word_1_141' title='bbox 202 986 267 1025; x_wconf 87' lang='lat' dir='ltr'>omnia</span> <span class='ocrx_word' id='word_1_142' title='bbox 281 985 324 1023; x_wconf 89' lang='lat' dir='ltr'>haec</span> <span class='ocrx_word' id='word_1_143' title='bbox 338 985 390 1023; x_wconf 83' lang='lat' dir='ltr'>mala</span> <span class='ocrx_word' id='word_1_144' title='bbox 405 984 428 1022; x_wconf 87' lang='lat' dir='ltr'>ab</span> <span class='ocrx_word' id='word_1_145' title='bbox 443 985 497 1023; x_wconf 83' lang='lat' dir='ltr'>intus</span> <span class='ocrx_word' id='word_1_146' title='bbox 511 985 620 1031; x_wconf 84' lang='lat' dir='ltr'>procedunt</span> <span class='ocrx_word' id='word_1_147' title='bbox 628 989 648 1023; x_wconf 89' lang='lat' dir='ltr'>et</span> <span class='ocrx_word' id='word_1_148' title='bbox 663 985 807 1024; x_wconf 87' lang='lat' dir='ltr'>communicant</span> <span class='ocrx_word' id='word_1_149' title='bbox 814 986 877 1024; x_wconf 84' lang='lat' dir='ltr'>homi-</span> 
     </span>
     <span class='ocr_line' id='line_1_17' title="bbox 112 1040 873 1093; baseline 0.001 -12"><span class='ocrx_word' id='word_1_150' title='bbox 112 1055 165 1093; x_wconf 77' lang='lat' dir='ltr'>uem3</span> <span class='ocrx_word' id='word_1_151' title='bbox 181 1056 220 1081; x_wconf 92' lang='grc'>111</span> <span class='ocrx_word' id='word_1_152' title='bbox 235 1042 281 1080; x_wconf 89' lang='lat' dir='ltr'>lotis</span> <span class='ocrx_word' id='word_1_153' title='bbox 293 1048 359 1080; x_wconf 89' lang='lat' dir='ltr'>autem</span> <span class='ocrx_word' id='word_1_154' title='bbox 369 1040 458 1080; x_wconf 86' lang='lat' dir='ltr'>manibus</span> <span class='ocrx_word' id='word_1_155' title='bbox 466 1042 583 1080; x_wconf 83' lang='lat' dir='ltr'>manducare</span> <span class='ocrx_word' id='word_1_156' title='bbox 598 1054 636 1079; x_wconf 91' lang='grc'>111</span> <span class='ocrx_word' id='word_1_157' title='bbox 645 1042 758 1089; x_wconf 85' lang='lat' dir='ltr'>coinquinat</span> <span class='ocrx_word' id='word_1_158' title='bbox 765 1043 873 1083; x_wconf 86' lang='lat' dir='ltr'>hominem:</span> 
     </span>
     <span class='ocr_line' id='line_1_18' title="bbox 113 1098 876 1146; baseline 0 -8"><span class='ocrx_word' id='word_1_159' title='bbox 113 1103 139 1138; x_wconf 84' lang='grc'>24</span> <span class='ocrx_word' id='word_1_160' title='bbox 155 1098 183 1137; x_wconf 80' lang='lat' dir='ltr'>Et</span> <span class='ocrx_word' id='word_1_161' title='bbox 199 1099 266 1137; x_wconf 84' lang='lat' dir='ltr'>exiens</span> <span class='ocrx_word' id='word_1_162' title='bbox 281 1098 338 1137; x_wconf 87' lang='lat' dir='ltr'>Iesus</span> <span class='ocrx_word' id='word_1_163' title='bbox 354 1098 403 1137; x_wconf 89' lang='lat' dir='ltr'>abiit</span> <span class='ocrx_word' id='word_1_164' title='bbox 417 1098 439 1136; x_wconf 92' lang='lat' dir='ltr'>in</span> <span class='ocrx_word' id='word_1_165' title='bbox 453 1098 525 1137; x_wconf 88' lang='lat' dir='ltr'>finibus</span> <span class='ocrx_word' id='word_1_166' title='bbox 536 1098 585 1144; x_wconf 79' lang='lat' dir='ltr'>Tyri</span> <span class='ocrx_word' id='word_1_167' title='bbox 598 1104 618 1136; x_wconf 85' lang='lat' dir='ltr'>et</span> <span class='ocrx_word' id='word_1_168' title='bbox 633 1098 724 1137; x_wconf 82' lang='lat' dir='ltr'>Sidonis:</span> <span class='ocrx_word' id='word_1_169' title='bbox 740 1104 761 1137; x_wconf 85' lang='lat' dir='ltr'>et</span> <span class='ocrx_word' id='word_1_170' title='bbox 775 1100 876 1146; x_wconf 83' lang='lat' dir='ltr'>ingressus</span> 
     </span>
     <span class='ocr_line' id='line_1_19' title="bbox 113 1154 876 1205; baseline 0 -10"><span class='ocrx_word' id='word_1_171' title='bbox 113 1157 192 1195; x_wconf 88' lang='lat' dir='ltr'>domum</span> <span class='ocrx_word' id='word_1_172' title='bbox 207 1157 304 1194; x_wconf 89' lang='lat' dir='ltr'>neminem</span> <span class='ocrx_word' id='word_1_173' title='bbox 319 1154 398 1194; x_wconf 85' lang='lat' dir='ltr'>volebat</span> <span class='ocrx_word' id='word_1_174' title='bbox 413 1155 469 1205; x_wconf 81' lang='lat' dir='ltr'>scire,</span> <span class='ocrx_word' id='word_1_175' title='bbox 485 1160 506 1192; x_wconf 89' lang='lat' dir='ltr'>et</span> <span class='ocrx_word' id='word_1_176' title='bbox 520 1168 559 1193; x_wconf 91' lang='lat' dir='ltr'>nou</span> <span class='ocrx_word' id='word_1_177' title='bbox 573 1155 640 1202; x_wconf 85' lang='lat' dir='ltr'>potuit</span> <span class='ocrx_word' id='word_1_178' title='bbox 654 1155 724 1196; x_wconf 88' lang='lat' dir='ltr'>latere.</span> <span class='ocrx_word' id='word_1_179' title='bbox 750 1159 778 1198; x_wconf 63' lang='grc'>15</span> <span class='ocrx_word' id='word_1_180' title='bbox 802 1156 876 1195; x_wconf 86' lang='lat' dir='ltr'>Mulier</span> 
     </span>
     <span class='ocr_line' id='line_1_20' title="bbox 113 1211 875 1262; baseline 0 -11"><span class='ocrx_word' id='word_1_181' title='bbox 113 1215 165 1252; x_wconf 89' lang='lat' dir='ltr'>enim</span> <span class='ocrx_word' id='word_1_182' title='bbox 181 1213 247 1251; x_wconf 79' lang='lat' dir='ltr'>statim</span> <span class='ocrx_word' id='word_1_183' title='bbox 263 1217 286 1251; x_wconf 85' lang='lat' dir='ltr'>ut</span> <span class='ocrx_word' id='word_1_184' title='bbox 301 1212 377 1250; x_wconf 87' lang='lat' dir='ltr'>audivit</span> <span class='ocrx_word' id='word_1_185' title='bbox 393 1212 417 1249; x_wconf 87' lang='lat' dir='ltr'>de</span> <span class='ocrx_word' id='word_1_186' title='bbox 433 1224 462 1262; x_wconf 73' lang='lat' dir='ltr'>eo,</span> <span class='ocrx_word' id='word_1_187' title='bbox 486 1212 541 1250; x_wconf 86' lang='lat' dir='ltr'>cuius</span> <span class='ocrx_word' id='word_1_188' title='bbox 556 1211 597 1250; x_wconf 85' lang='lat' dir='ltr'>filia</span> <span class='ocrx_word' id='word_1_189' title='bbox 619 1212 704 1251; x_wconf 87' lang='lat' dir='ltr'>habebat</span> <span class='ocrx_word' id='word_1_190' title='bbox 726 1213 818 1259; x_wconf 78' lang='lat' dir='ltr'>spiritum</span> <span class='ocrx_word' id='word_1_191' title='bbox 840 1214 875 1251; x_wconf 89' lang='lat' dir='ltr'>im·</span> 
     </span>
     <span class='ocr_line' id='line_1_21' title="bbox 112 1267 875 1317; baseline 0 -9"><span class='ocrx_word' id='word_1_192' title='bbox 112 1270 213 1317; x_wconf 74' lang='lat' dir='ltr'>muudum,</span> <span class='ocrx_word' id='word_1_193' title='bbox 238 1269 329 1307; x_wconf 83' lang='lat' dir='ltr'>introivit</span> <span class='ocrx_word' id='word_1_194' title='bbox 354 1268 379 1306; x_wconf 90' lang='lat' dir='ltr'>ad</span> <span class='ocrx_word' id='word_1_195' title='bbox 403 1281 458 1308; x_wconf 90' lang='lat' dir='ltr'>eum:</span> <span class='ocrx_word' id='word_1_196' title='bbox 489 1272 515 1306; x_wconf 86' lang='grc'>26</span> <span class='ocrx_word' id='word_1_197' title='bbox 543 1275 585 1306; x_wconf 90' lang='lat' dir='ltr'>erat</span> <span class='ocrx_word' id='word_1_198' title='bbox 610 1269 661 1307; x_wconf 85' lang='lat' dir='ltr'>enim</span> <span class='ocrx_word' id='word_1_199' title='bbox 684 1267 754 1308; x_wconf 75' lang='lat' dir='ltr'>Graeca</span> <span class='ocrx_word' id='word_1_200' title='bbox 778 1269 875 1316; x_wconf 81' lang='lat' dir='ltr'>Syrophe-</span> 
     </span>
     <span class='ocr_line' id='line_1_22' title="bbox 112 1324 876 1375; baseline 0 -10"><span class='ocrx_word' id='word_1_201' title='bbox 112 1327 166 1365; x_wconf 90' lang='lat' dir='ltr'>nissa</span> <span class='ocrx_word' id='word_1_202' title='bbox 180 1339 257 1375; x_wconf 79' lang='lat' dir='ltr'>genere,</span> <span class='ocrx_word' id='word_1_203' title='bbox 274 1330 295 1363; x_wconf 93' lang='lat' dir='ltr'>et</span> <span class='ocrx_word' id='word_1_204' title='bbox 309 1324 412 1372; x_wconf 83' lang='lat' dir='ltr'>procidens</span> <span class='ocrx_word' id='word_1_205' title='bbox 428 1325 453 1362; x_wconf 87' lang='lat' dir='ltr'>ad</span> <span class='ocrx_word' id='word_1_206' title='bbox 467 1325 527 1371; x_wconf 84' lang='lat' dir='ltr'>pedes</span> <span class='ocrx_word' id='word_1_207' title='bbox 543 1325 584 1363; x_wconf 88' lang='lat' dir='ltr'>eius</span> <span class='ocrx_word' id='word_1_208' title='bbox 600 1326 682 1372; x_wconf 79' lang='lat' dir='ltr'>rogabat</span> <span class='ocrx_word' id='word_1_209' title='bbox 696 1339 741 1364; x_wconf 85' lang='lat' dir='ltr'>eum</span> <span class='ocrx_word' id='word_1_210' title='bbox 755 1332 779 1364; x_wconf 91' lang='lat' dir='ltr'>ut</span> <span class='ocrx_word' id='word_1_211' title='bbox 794 1326 876 1365; x_wconf 87' lang='lat' dir='ltr'>eiiceret</span> 
     </span>
     <span class='ocr_line' id='line_1_23' title="bbox 115 1379 873 1429; baseline 0 -7"><span class='ocrx_word' id='word_1_212' title='bbox 115 1384 233 1422; x_wconf 87' lang='lat' dir='ltr'>daemonium</span> <span class='ocrx_word' id='word_1_213' title='bbox 249 1396 260 1420; x_wconf 94' lang='lat' dir='ltr'>a</span> <span class='ocrx_word' id='word_1_214' title='bbox 274 1382 315 1420; x_wconf 90' lang='lat' dir='ltr'>filia</span> <span class='ocrx_word' id='word_1_215' title='bbox 330 1382 378 1420; x_wconf 90' lang='lat' dir='ltr'>eius.</span> <span class='ocrx_word' id='word_1_216' title='bbox 405 1382 431 1419; x_wconf 81' lang='lat'>27</span> <span class='ocrx_word' id='word_1_217' title='bbox 449 1379 488 1427; x_wconf 77' lang='lat' dir='ltr'>Qui</span> <span class='ocrx_word' id='word_1_218' title='bbox 503 1381 554 1420; x_wconf 86' lang='lat' dir='ltr'>dixit</span> <span class='ocrx_word' id='word_1_219' title='bbox 570 1381 616 1420; x_wconf 82' lang='lat' dir='ltr'>Sine</span> <span class='ocrx_word' id='word_1_220' title='bbox 631 1383 686 1429; x_wconf 89' lang='lat' dir='ltr'>prius</span> <span class='ocrx_word' id='word_1_221' title='bbox 702 1383 787 1421; x_wconf 88' lang='lat' dir='ltr'>saturari</span> <span class='ocrx_word' id='word_1_222' title='bbox 810 1383 873 1422; x_wconf 81' lang='lat' dir='ltr'>filios:</span> 
     </span>
     <span class='ocr_line' id='line_1_24' title="bbox 114 1438 873 1485; baseline -0.001 -6"><span class='ocrx_word' id='word_1_223' title='bbox 114 1454 154 1479; x_wconf 91' lang='lat' dir='ltr'>non</span> <span class='ocrx_word' id='word_1_224' title='bbox 169 1445 199 1478; x_wconf 87' lang='lat' dir='ltr'>est</span> <span class='ocrx_word' id='word_1_225' title='bbox 215 1440 266 1477; x_wconf 90' lang='lat' dir='ltr'>enim</span> <span class='ocrx_word' id='word_1_226' title='bbox 281 1438 353 1477; x_wconf 90' lang='lat' dir='ltr'>bonum</span> <span class='ocrx_word' id='word_1_227' title='bbox 375 1438 445 1476; x_wconf 89' lang='lat' dir='ltr'>tollere</span> <span class='ocrx_word' id='word_1_228' title='bbox 459 1451 530 1485; x_wconf 84' lang='lat' dir='ltr'>panem</span> <span class='ocrx_word' id='word_1_229' title='bbox 544 1438 629 1477; x_wconf 85' lang='lat' dir='ltr'>filiorum</span> <span class='ocrx_word' id='word_1_230' title='bbox 648 1445 668 1477; x_wconf 88' lang='grc'>11</span> <span class='ocrx_word' id='word_1_231' title='bbox 687 1440 768 1477; x_wconf 87' lang='lat' dir='ltr'>mittere</span> <span class='ocrx_word' id='word_1_232' title='bbox 790 1440 873 1478; x_wconf 85' lang='lat' dir='ltr'>catellis.</span> 
     </span>
     <span class='ocr_line' id='line_1_25' title="bbox 115 1494 874 1541; baseline 0 -6"><span class='ocrx_word' id='word_1_233' title='bbox 115 1501 142 1535; x_wconf 83' lang='grc'>28</span> <span class='ocrx_word' id='word_1_234' title='bbox 159 1497 189 1534; x_wconf 84' lang='grc' dir='ltr'>Α1</span> <span class='ocrx_word' id='word_1_235' title='bbox 203 1496 237 1534; x_wconf 86' lang='grc'><strong>1111</strong></span> <span class='ocrx_word' id='word_1_236' title='bbox 252 1496 371 1541; x_wconf 81' lang='lat' dir='ltr'>respondens</span> <span class='ocrx_word' id='word_1_237' title='bbox 387 1495 439 1533; x_wconf 81' lang='lat' dir='ltr'>dixit</span> <span class='ocrx_word' id='word_1_238' title='bbox 453 1494 573 1534; x_wconf 87' lang='lat' dir='ltr'>eiDomiue:</span> <span class='ocrx_word' id='word_1_239' title='bbox 589 1495 624 1533; x_wconf 89' lang='lat' dir='ltr'>sed</span> <span class='ocrx_word' id='word_1_240' title='bbox 640 1501 660 1533; x_wconf 86' lang='grc'>11</span> <span class='ocrx_word' id='word_1_241' title='bbox 675 1496 741 1534; x_wconf 86' lang='lat' dir='ltr'>catelli</span> <span class='ocrx_word' id='word_1_242' title='bbox 756 1496 792 1535; x_wconf 84' lang='lat' dir='ltr'>sub</span> <span class='ocrx_word' id='word_1_243' title='bbox 807 1510 874 1535; x_wconf 84' lang='lat' dir='ltr'>mensa</span> 
     </span>
     <span class='ocr_line' id='line_1_26' title="bbox 114 1549 874 1600; baseline -0.001 -9"><span class='ocrx_word' id='word_1_244' title='bbox 114 1554 138 1591; x_wconf 91' lang='lat' dir='ltr'>de</span> <span class='ocrx_word' id='word_1_245' title='bbox 155 1553 211 1591; x_wconf 89' lang='lat' dir='ltr'>micis</span> <span class='ocrx_word' id='word_1_246' title='bbox 226 1565 332 1599; x_wconf 85' lang='lat' dir='ltr'>puerorum</span> <span class='ocrx_word' id='word_1_247' title='bbox 347 1551 411 1589; x_wconf 87' lang='lat' dir='ltr'>edent.</span> <span class='ocrx_word' id='word_1_248' title='bbox 443 1556 468 1589; x_wconf 81' lang='grc'>29</span> <span class='ocrx_word' id='word_1_249' title='bbox 492 1549 531 1596; x_wconf 79' lang='lat' dir='ltr'>Qui</span> <span class='ocrx_word' id='word_1_250' title='bbox 547 1551 597 1589; x_wconf 82' lang='lat' dir='ltr'>dixit</span> <span class='ocrx_word' id='word_1_251' title='bbox 612 1551 637 1589; x_wconf 91' lang='lat' dir='ltr'>ad</span> <span class='ocrx_word' id='word_1_252' title='bbox 651 1551 705 1590; x_wconf 87' lang='lat' dir='ltr'>illam</span> <span class='ocrx_word' id='word_1_253' title='bbox 720 1551 777 1591; x_wconf 86' lang='lat' dir='ltr'>Vade</span> <span class='ocrx_word' id='word_1_254' title='bbox 792 1559 874 1600; x_wconf 90' lang='lat' dir='ltr'>propter</span> 
     </span>
     <span class='ocr_line' id='line_1_27' title="bbox 113 1607 874 1648; baseline -0.001 0"><span class='ocrx_word' id='word_1_255' title='bbox 113 1610 167 1648; x_wconf 89' lang='lat' dir='ltr'>hunc</span> <span class='ocrx_word' id='word_1_256' title='bbox 182 1622 291 1648; x_wconf 82' lang='lat' dir='ltr'>sermonem</span> <span class='ocrx_word' id='word_1_257' title='bbox 312 1608 365 1646; x_wconf 86' lang='lat' dir='ltr'>exiet</span> <span class='ocrx_word' id='word_1_258' title='bbox 380 1608 498 1646; x_wconf 84' lang='lat' dir='ltr'>daemonium</span> <span class='ocrx_word' id='word_1_259' title='bbox 513 1607 580 1645; x_wconf 89' lang='lat' dir='ltr'>afilia</span> <span class='ocrx_word' id='word_1_260' title='bbox 595 1614 635 1646; x_wconf 90' lang='lat' dir='ltr'>tua.</span> <span class='ocrx_word' id='word_1_261' title='bbox 660 1613 685 1647; x_wconf 83' lang='lat'>30</span> <span class='ocrx_word' id='word_1_262' title='bbox 701 1608 783 1647; x_wconf 81' lang='lat' dir='ltr'>Etcum</span> <span class='ocrx_word' id='word_1_263' title='bbox 800 1609 874 1648; x_wconf 84' lang='lat' dir='ltr'>abisset</span> 
     </span>
     <span class='ocr_line' id='line_1_28' title="bbox 114 1664 874 1715; baseline 0 -10"><span class='ocrx_word' id='word_1_264' title='bbox 114 1667 193 1705; x_wconf 86' lang='lat' dir='ltr'>domum</span> <span class='ocrx_word' id='word_1_265' title='bbox 208 1679 269 1715; x_wconf 84' lang='lat' dir='ltr'>suam,</span> <span class='ocrx_word' id='word_1_266' title='bbox 286 1665 362 1704; x_wconf 83' lang='lat' dir='ltr'>invenit</span> <span class='ocrx_word' id='word_1_267' title='bbox 376 1664 461 1711; x_wconf 85' lang='lat' dir='ltr'>puellam</span> <span class='ocrx_word' id='word_1_268' title='bbox 476 1665 573 1703; x_wconf 87' lang='lat' dir='ltr'>iacentem</span> <span class='ocrx_word' id='word_1_269' title='bbox 588 1678 648 1711; x_wconf 87' lang='lat' dir='ltr'>super</span> <span class='ocrx_word' id='word_1_270' title='bbox 662 1665 736 1705; x_wconf 84' lang='lat' dir='ltr'>lectum</span> <span class='ocrx_word' id='word_1_271' title='bbox 751 1666 874 1705; x_wconf 77' lang='grc'><strong>1111111111-</strong></span> 
     </span>
     <span class='ocr_line' id='line_1_29' title="bbox 112 1720 873 1769; baseline -0.001 -7"><span class='ocrx_word' id='word_1_272' title='bbox 112 1737 145 1762; x_wconf 88' lang='lat' dir='ltr'>um</span> <span class='ocrx_word' id='word_1_273' title='bbox 162 1723 185 1762; x_wconf 91' lang='lat' dir='ltr'>ab</span> <span class='ocrx_word' id='word_1_274' title='bbox 201 1736 224 1762; x_wconf 88' lang='lat' dir='ltr'>ea</span> <span class='ocrx_word' id='word_1_275' title='bbox 238 1722 335 1769; x_wconf 81' lang='lat' dir='ltr'>fugatum.</span> <span class='ocrx_word' id='word_1_276' title='bbox 352 1725 377 1760; x_wconf 83' lang='grc'>31</span> <span class='ocrx_word' id='word_1_277' title='bbox 394 1721 471 1760; x_wconf 86' lang='lat' dir='ltr'>Iterum</span> <span class='ocrx_word' id='word_1_278' title='bbox 486 1722 541 1760; x_wconf 80' lang='lat' dir='ltr'>uenit</span> <span class='ocrx_word' id='word_1_279' title='bbox 555 1721 612 1760; x_wconf 82' lang='lat' dir='ltr'>lesus</span> <span class='ocrx_word' id='word_1_280' title='bbox 627 1735 663 1768; x_wconf 87' lang='lat' dir='ltr'>per</span> <span class='ocrx_word' id='word_1_281' title='bbox 671 1720 763 1761; x_wconf 83' lang='lat' dir='ltr'>Sidonem</span> <span class='ocrx_word' id='word_1_282' title='bbox 780 1722 805 1761; x_wconf 92' lang='lat' dir='ltr'>ad</span> <span class='ocrx_word' id='word_1_283' title='bbox 819 1736 873 1761; x_wconf 85' lang='lat' dir='ltr'>maro</span> 
     </span>
     <span class='ocr_line' id='line_1_30' title="bbox 113 1777 873 1824; baseline -0.001 -5"><span class='ocrx_word' id='word_1_284' title='bbox 113 1778 201 1819; x_wconf 81' lang='lat' dir='ltr'>Galilaeae</span> <span class='ocrx_word' id='word_1_285' title='bbox 215 1780 268 1817; x_wconf 92' lang='grc'><strong>11111</strong></span> <span class='ocrx_word' id='word_1_286' title='bbox 283 1779 357 1817; x_wconf 89' lang='lat' dir='ltr'>medios</span> <span class='ocrx_word' id='word_1_287' title='bbox 373 1779 420 1817; x_wconf 88' lang='lat' dir='ltr'>fines</span> <span class='ocrx_word' id='word_1_288' title='bbox 438 1778 550 1824; x_wconf 86' lang='lat' dir='ltr'>Decapolis.</span> <span class='ocrx_word' id='word_1_289' title='bbox 568 1783 593 1816; x_wconf 82' lang='lat'>32</span> <span class='ocrx_word' id='word_1_290' title='bbox 609 1777 637 1816; x_wconf 80' lang='lat' dir='ltr'>Et</span> <span class='ocrx_word' id='word_1_291' title='bbox 652 1778 776 1817; x_wconf 87' lang='lat' dir='ltr'>adduxerunt</span> <span class='ocrx_word' id='word_1_292' title='bbox 791 1779 873 1818; x_wconf 87' lang='lat' dir='ltr'>adeum</span> 
     </span>
     <span class='ocr_line' id='line_1_31' title="bbox 112 1834 874 1883; baseline 0 -9"><span class='ocrx_word' id='word_1_293' title='bbox 112 1836 192 1875; x_wconf 91' lang='lat' dir='ltr'>surdum</span> <span class='ocrx_word' id='word_1_294' title='bbox 199 1836 299 1874; x_wconf 89' lang='lat' dir='ltr'>hominem</span> <span class='ocrx_word' id='word_1_295' title='bbox 304 1841 325 1873; x_wconf 88' lang='lat' dir='ltr'>et</span> <span class='ocrx_word' id='word_1_296' title='bbox 332 1841 414 1883; x_wconf 85' lang='lat' dir='ltr'>mutum,</span> <span class='ocrx_word' id='word_1_297' title='bbox 428 1841 448 1872; x_wconf 87' lang='grc'>11</span> <span class='ocrx_word' id='word_1_298' title='bbox 456 1834 611 1880; x_wconf 82' lang='lat' dir='ltr'>deprecabantur</span> <span class='ocrx_word' id='word_1_299' title='bbox 618 1848 662 1872; x_wconf 91' lang='lat' dir='ltr'>eum</span> <span class='ocrx_word' id='word_1_300' title='bbox 669 1840 693 1872; x_wconf 87' lang='lat' dir='ltr'>ut</span> <span class='ocrx_word' id='word_1_301' title='bbox 699 1836 717 1873; x_wconf 93' lang='lat' dir='ltr'>ei</span> <span class='ocrx_word' id='word_1_302' title='bbox 725 1848 803 1873; x_wconf 87' lang='lat' dir='ltr'>manum</span> <span class='ocrx_word' id='word_1_303' title='bbox 813 1836 874 1882; x_wconf 89' lang='lat' dir='ltr'>impo-</span> 
     </span>
     <span class='ocr_line' id='line_1_32' title="bbox 112 1890 874 1938; baseline -0.001 -7"><span class='ocrx_word' id='word_1_304' title='bbox 112 1898 173 1932; x_wconf 85' lang='lat' dir='ltr'>neret.</span> <span class='ocrx_word' id='word_1_305' title='bbox 192 1897 217 1931; x_wconf 80' lang='lat'>33</span> <span class='ocrx_word' id='word_1_306' title='bbox 233 1891 261 1929; x_wconf 80' lang='lat' dir='ltr'>Et</span> <span class='ocrx_word' id='word_1_307' title='bbox 276 1892 374 1938; x_wconf 87' lang='lat' dir='ltr'>accipiens</span> <span class='ocrx_word' id='word_1_308' title='bbox 391 1904 435 1929; x_wconf 85' lang='lat' dir='ltr'>eum</span> <span class='ocrx_word' id='word_1_309' title='bbox 450 1904 462 1928; x_wconf 88' lang='lat' dir='ltr'>a</span> <span class='ocrx_word' id='word_1_310' title='bbox 476 1890 536 1929; x_wconf 88' lang='lat' dir='ltr'>turba</span> <span class='ocrx_word' id='word_1_311' title='bbox 550 1896 626 1929; x_wconf 83' lang='lat' dir='ltr'>secreto</span> <span class='ocrx_word' id='word_1_312' title='bbox 642 1892 711 1937; x_wconf 89' lang='lat' dir='ltr'>expuit</span> <span class='ocrx_word' id='word_1_313' title='bbox 718 1896 738 1930; x_wconf 90' lang='lat' dir='ltr'>et</span> <span class='ocrx_word' id='word_1_314' title='bbox 748 1892 831 1930; x_wconf 87' lang='lat' dir='ltr'>immisit</span> <span class='ocrx_word' id='word_1_315' title='bbox 846 1893 874 1930; x_wconf 93' lang='lat' dir='ltr'>di-</span> 
     </span>
     <span class='ocr_line' id='line_1_33' title="bbox 112 1946 873 1998; baseline 0 -11"><span class='ocrx_word' id='word_1_316' title='bbox 112 1950 163 1996; x_wconf 85' lang='lat' dir='ltr'>gitos</span> <span class='ocrx_word' id='word_1_317' title='bbox 179 1950 200 1987; x_wconf 89' lang='lat' dir='ltr'>in</span> <span class='ocrx_word' id='word_1_318' title='bbox 215 1947 313 1986; x_wconf 86' lang='lat' dir='ltr'>auriculas</span> <span class='ocrx_word' id='word_1_319' title='bbox 329 1948 378 1998; x_wconf 81' lang='lat' dir='ltr'>eius,</span> <span class='ocrx_word' id='word_1_320' title='bbox 395 1946 662 1998; x_wconf 63' lang='grc' dir='ltr'>111111ςί1111111111111ἲ</span> <span class='ocrx_word' id='word_1_321' title='bbox 686 1952 712 1985; x_wconf 83' lang='lat'>34</span> <span class='ocrx_word' id='word_1_322' title='bbox 736 1952 756 1986; x_wconf 86' lang='lat' dir='ltr'>et</span> <span class='ocrx_word' id='word_1_323' title='bbox 776 1948 873 1994; x_wconf 87' lang='lat' dir='ltr'>aspiciens</span> 
     </span>
     <span class='ocr_line' id='line_1_34' title="bbox 112 2002 873 2054; baseline 0 -10"><span class='ocrx_word' id='word_1_324' title='bbox 112 2006 132 2044; x_wconf 89' lang='lat' dir='ltr'>in</span> <span class='ocrx_word' id='word_1_325' title='bbox 148 2005 218 2044; x_wconf 77' lang='lat' dir='ltr'>calum</span> <span class='ocrx_word' id='word_1_326' title='bbox 233 2005 334 2054; x_wconf 78' lang='lat' dir='ltr'>ingemuit,</span> <span class='ocrx_word' id='word_1_327' title='bbox 350 2009 371 2042; x_wconf 86' lang='grc'>11</span> <span class='ocrx_word' id='word_1_328' title='bbox 386 2004 414 2042; x_wconf 88' lang='lat' dir='ltr'>ait</span> <span class='ocrx_word' id='word_1_329' title='bbox 428 2003 458 2042; x_wconf 93' lang='lat' dir='ltr'>illi</span> <span class='ocrx_word' id='word_1_330' title='bbox 473 2002 559 2053; x_wconf 74' lang='lat' dir='ltr'>Effetha,</span> <span class='ocrx_word' id='word_1_331' title='bbox 578 2004 633 2051; x_wconf 88' lang='lat' dir='ltr'>quod</span> <span class='ocrx_word' id='word_1_332' title='bbox 648 2010 668 2043; x_wconf 92' lang='lat' dir='ltr'>et</span> <span class='ocrx_word' id='word_1_333' title='bbox 683 2004 774 2051; x_wconf 85' lang='lat' dir='ltr'>Aperire.</span> <span class='ocrx_word' id='word_1_334' title='bbox 797 2009 821 2043; x_wconf 82' lang='lat'>35</span> <span class='ocrx_word' id='word_1_335' title='bbox 845 2005 873 2044; x_wconf 79' lang='lat' dir='ltr'>Et</span> 
     </span>
     <span class='ocr_line' id='line_1_35' title="bbox 112 2060 873 2109; baseline 0.003 -11"><span class='ocrx_word' id='word_1_336' title='bbox 112 2062 180 2100; x_wconf 87' lang='lat' dir='ltr'>statim</span> <span class='ocrx_word' id='word_1_337' title='bbox 196 2067 270 2108; x_wconf 87' lang='lat' dir='ltr'>apertae</span> <span class='ocrx_word' id='word_1_338' title='bbox 286 2067 332 2098; x_wconf 90' lang='lat' dir='ltr'>sunt</span> <span class='ocrx_word' id='word_1_339' title='bbox 342 2073 399 2099; x_wconf 88' lang='lat' dir='ltr'>aures</span> <span class='ocrx_word' id='word_1_340' title='bbox 407 2060 455 2108; x_wconf 86' lang='lat' dir='ltr'>eius,</span> <span class='ocrx_word' id='word_1_341' title='bbox 472 2065 493 2097; x_wconf 89' lang='lat' dir='ltr'>et</span> <span class='ocrx_word' id='word_1_342' title='bbox 500 2060 586 2098; x_wconf 87' lang='lat' dir='ltr'>solutum</span> <span class='ocrx_word' id='word_1_343' title='bbox 596 2066 627 2099; x_wconf 83' lang='lat' dir='ltr'>est</span> <span class='ocrx_word' id='word_1_344' title='bbox 635 2061 734 2099; x_wconf 89' lang='lat' dir='ltr'>vinculum</span> <span class='ocrx_word' id='word_1_345' title='bbox 742 2061 815 2109; x_wconf 87' lang='lat' dir='ltr'>linguae</span> <span class='ocrx_word' id='word_1_346' title='bbox 823 2063 873 2109; x_wconf 82' lang='lat' dir='ltr'>eius,</span> 
     </span>
     <span class='ocr_line' id='line_1_36' title="bbox 112 2115 872 2167; baseline -0.001 -10"><span class='ocrx_word' id='word_1_347' title='bbox 112 2125 133 2157; x_wconf 90' lang='grc'>11</span> <span class='ocrx_word' id='word_1_348' title='bbox 147 2118 265 2166; x_wconf 86' lang='lat' dir='ltr'>loquebatur</span> <span class='ocrx_word' id='word_1_349' title='bbox 280 2117 406 2156; x_wconf 84' lang='lat' dir='ltr'>confidenter.</span> <span class='ocrx_word' id='word_1_350' title='bbox 431 2121 456 2155; x_wconf 83' lang='grc'>36</span> <span class='ocrx_word' id='word_1_351' title='bbox 477 2115 505 2154; x_wconf 81' lang='lat' dir='ltr'>Et</span> <span class='ocrx_word' id='word_1_352' title='bbox 519 2117 616 2165; x_wconf 83' lang='lat' dir='ltr'>praecepit</span> <span class='ocrx_word' id='word_1_353' title='bbox 630 2117 669 2156; x_wconf 86' lang='lat' dir='ltr'>illis</span> <span class='ocrx_word' id='word_1_354' title='bbox 685 2131 709 2167; x_wconf 82' lang='lat' dir='ltr'>ne</span> <span class='ocrx_word' id='word_1_355' title='bbox 728 2118 760 2156; x_wconf 88' lang='lat' dir='ltr'>cui</span> <span class='ocrx_word' id='word_1_356' title='bbox 778 2118 872 2158; x_wconf 88' lang='lat' dir='ltr'>dicerent.</span> 
     </span>
     <span class='ocr_line' id='line_1_37' title="bbox 111 2168 873 2226; baseline 0 -12"><span class='ocrx_word' id='word_1_357' title='bbox 111 2175 145 2214; x_wconf 84' lang='lat' dir='ltr'>Illi</span> <span class='ocrx_word' id='word_1_358' title='bbox 159 2189 207 2214; x_wconf 81' lang='lat' dir='ltr'>vero</span> <span class='ocrx_word' id='word_1_359' title='bbox 222 2175 283 2222; x_wconf 81' lang='lat' dir='ltr'>magis</span> <span class='ocrx_word' id='word_1_360' title='bbox 298 2174 399 2221; x_wconf 84' lang='lat' dir='ltr'>magisque</span> <span class='ocrx_word' id='word_1_361' title='bbox 414 2173 559 2226; x_wconf 64' lang='lat' dir='ltr'>praedicabant,</span> <span class='ocrx_word' id='word_1_362' title='bbox 577 2178 603 2212; x_wconf 74' lang='lat'>37</span> <span class='ocrx_word' id='word_1_363' title='bbox 619 2168 677 2213; x_wconf 83' lang='grc'><strong>1111</strong></span> <span class='ocrx_word' id='word_1_364' title='bbox 693 2175 776 2223; x_wconf 84' lang='lat' dir='ltr'>amplius</span> <span class='ocrx_word' id='word_1_365' title='bbox 791 2176 873 2214; x_wconf 88' lang='lat' dir='ltr'>admira-</span> 
     </span>
     <span class='ocr_line' id='line_1_38' title="bbox 110 2230 875 2282; baseline -0.001 -11"><span class='ocrx_word' id='word_1_366' title='bbox 110 2232 183 2271; x_wconf 85' lang='lat' dir='ltr'>bantur</span> <span class='ocrx_word' id='word_1_367' title='bbox 199 2232 287 2270; x_wconf 85' lang='lat' dir='ltr'>dicentes</span> <span class='ocrx_word' id='word_1_368' title='bbox 302 2230 374 2269; x_wconf 86' lang='lat' dir='ltr'>Omnia</span> <span class='ocrx_word' id='word_1_369' title='bbox 388 2230 438 2270; x_wconf 86' lang='lat' dir='ltr'>bene</span> <span class='ocrx_word' id='word_1_370' title='bbox 453 2231 508 2282; x_wconf 81' lang='lat' dir='ltr'>facit,</span> <span class='ocrx_word' id='word_1_371' title='bbox 531 2236 551 2269; x_wconf 90' lang='lat' dir='ltr'>et</span> <span class='ocrx_word' id='word_1_372' title='bbox 571 2230 636 2269; x_wconf 88' lang='lat' dir='ltr'>surdis</span> <span class='ocrx_word' id='word_1_373' title='bbox 651 2237 734 2279; x_wconf 84' lang='lat' dir='ltr'>praestat</span> <span class='ocrx_word' id='word_1_374' title='bbox 749 2232 838 2270; x_wconf 86' lang='lat' dir='ltr'>auditum</span> <span class='ocrx_word' id='word_1_375' title='bbox 853 2237 875 2271; x_wconf 82' lang='lat' dir='ltr'>et</span> 
     </span>
     <span class='ocr_line' id='line_1_39' title="bbox 110 2287 396 2336; baseline 0.003 -9"><span class='ocrx_word' id='word_1_376' title='bbox 110 2289 178 2328; x_wconf 86' lang='lat' dir='ltr'>multis</span> <span class='ocrx_word' id='word_1_377' title='bbox 193 2288 271 2336; x_wconf 83' lang='lat' dir='ltr'>praebet</span> <span class='ocrx_word' id='word_1_378' title='bbox 285 2287 396 2335; x_wconf 84' lang='lat' dir='ltr'>loquellam.</span> 
     </span>
    </p>

    <p class='ocr_par' dir='ltr' id='par_1_3' title="bbox 110 2342 873 2789">
     <span class='ocr_line' id='line_1_40' title="bbox 168 2342 873 2388; baseline -0.007 0"><span class='ocrx_word' id='word_1_379' title='bbox 168 2342 221 2388; x_wconf 84' lang='lat' dir='ltr'>Vlll.</span> <span class='ocrx_word' id='word_1_380' title='bbox 255 2349 264 2383; x_wconf 92' lang='lat'>1</span> <span class='ocrx_word' id='word_1_381' title='bbox 281 2343 306 2382; x_wconf 86' lang='lat' dir='ltr'>In</span> <span class='ocrx_word' id='word_1_382' title='bbox 320 2345 353 2382; x_wconf 88' lang='lat' dir='ltr'>ills</span> <span class='ocrx_word' id='word_1_383' title='bbox 370 2350 436 2382; x_wconf 87' lang='lat' dir='ltr'>autem</span> <span class='ocrx_word' id='word_1_384' title='bbox 446 2343 514 2382; x_wconf 90' lang='lat' dir='ltr'>diebus</span> <span class='ocrx_word' id='word_1_385' title='bbox 530 2345 602 2383; x_wconf 88' lang='lat' dir='ltr'>iterum</span> <span class='ocrx_word' id='word_1_386' title='bbox 618 2356 662 2383; x_wconf 82' lang='lat' dir='ltr'>cunr</span> <span class='ocrx_word' id='word_1_387' title='bbox 670 2344 733 2382; x_wconf 85' lang='lat' dir='ltr'>multa</span> <span class='ocrx_word' id='word_1_388' title='bbox 747 2344 805 2383; x_wconf 86' lang='lat' dir='ltr'>turba</span> <span class='ocrx_word' id='word_1_389' title='bbox 820 2350 873 2383; x_wconf 83' lang='lat' dir='ltr'>esset</span> 
     </span>
     <span class='ocr_line' id='line_1_41' title="bbox 111 2400 871 2451; baseline 0 -10"><span class='ocrx_word' id='word_1_390' title='bbox 111 2414 146 2441; x_wconf 91' lang='lat' dir='ltr'>nec</span> <span class='ocrx_word' id='word_1_391' title='bbox 161 2402 258 2442; x_wconf 87' lang='lat' dir='ltr'>haberent</span> <span class='ocrx_word' id='word_1_392' title='bbox 273 2401 326 2449; x_wconf 86' lang='lat' dir='ltr'>quod</span> <span class='ocrx_word' id='word_1_393' title='bbox 347 2401 493 2451; x_wconf 67' lang='lat' dir='ltr'>manducarent,</span> <span class='ocrx_word' id='word_1_394' title='bbox 516 2401 627 2440; x_wconf 83' lang='lat' dir='ltr'>convocatis</span> <span class='ocrx_word' id='word_1_395' title='bbox 650 2400 752 2447; x_wconf 82' lang='lat' dir='ltr'>discipulis</span> <span class='ocrx_word' id='word_1_396' title='bbox 775 2401 803 2439; x_wconf 80' lang='lat' dir='ltr'>ait</span> <span class='ocrx_word' id='word_1_397' title='bbox 825 2400 871 2441; x_wconf 80' lang='lat' dir='ltr'>illis</span> 
     </span>
     <span class='ocr_line' id='line_1_42' title="bbox 111 2457 873 2505; baseline -0.003 -7"><span class='ocrx_word' id='word_1_398' title='bbox 111 2464 123 2497; x_wconf 83' lang='lat'>2</span> <span class='ocrx_word' id='word_1_399' title='bbox 139 2459 237 2498; x_wconf 82' lang='lat' dir='ltr'>Misereor</span> <span class='ocrx_word' id='word_1_400' title='bbox 253 2471 312 2504; x_wconf 89' lang='lat' dir='ltr'>super</span> <span class='ocrx_word' id='word_1_401' title='bbox 327 2458 386 2496; x_wconf 89' lang='lat' dir='ltr'>istam</span> <span class='ocrx_word' id='word_1_402' title='bbox 396 2457 473 2496; x_wconf 86' lang='lat' dir='ltr'>turbam</span> <span class='ocrx_word' id='word_1_403' title='bbox 490 2458 580 2505; x_wconf 88' lang='lat' dir='ltr'>quoniam</span> <span class='ocrx_word' id='word_1_404' title='bbox 591 2458 680 2496; x_wconf 88' lang='lat' dir='ltr'>triduum</span> <span class='ocrx_word' id='word_1_405' title='bbox 695 2457 771 2496; x_wconf 81' lang='lat' dir='ltr'>ostiam</span> <span class='ocrx_word' id='word_1_406' title='bbox 781 2457 833 2505; x_wconf 88' lang='lat' dir='ltr'>quod</span> <span class='ocrx_word' id='word_1_407' title='bbox 840 2458 873 2496; x_wconf 83' lang='lat' dir='ltr'>hic</span> 
     </span>
     <span class='ocr_line' id='line_1_43' title="bbox 110 2514 872 2566; baseline -0.003 -11"><span class='ocrx_word' id='word_1_408' title='bbox 110 2522 157 2555; x_wconf 88' lang='lat' dir='ltr'>sunt</span> <span class='ocrx_word' id='word_1_409' title='bbox 172 2522 192 2555; x_wconf 92' lang='lat' dir='ltr'>et</span> <span class='ocrx_word' id='word_1_410' title='bbox 207 2529 246 2555; x_wconf 90' lang='lat' dir='ltr'>non</span> <span class='ocrx_word' id='word_1_411' title='bbox 261 2514 334 2553; x_wconf 85' lang='lat' dir='ltr'>habent</span> <span class='ocrx_word' id='word_1_412' title='bbox 350 2514 401 2562; x_wconf 81' lang='lat' dir='ltr'>quod</span> <span class='ocrx_word' id='word_1_413' title='bbox 416 2514 541 2566; x_wconf 85' lang='lat' dir='ltr'>munducent,</span> <span class='ocrx_word' id='word_1_414' title='bbox 566 2518 614 2553; x_wconf 83' lang='grc'>311</span> <span class='ocrx_word' id='word_1_415' title='bbox 629 2515 646 2552; x_wconf 87' lang='lat' dir='ltr'>si</span> <span class='ocrx_word' id='word_1_416' title='bbox 661 2514 690 2553; x_wconf 78' lang='lat' dir='ltr'>sic</span> <span class='ocrx_word' id='word_1_417' title='bbox 709 2514 753 2552; x_wconf 86' lang='lat' dir='ltr'>illos</span> <span class='ocrx_word' id='word_1_418' title='bbox 775 2515 872 2554; x_wconf 62' lang='lat' dir='ltr'>remiseri*</span> 
     </span>
     <span class='ocr_line' id='line_1_44' title="bbox 110 2571 872 2619; baseline -0.003 -8"><span class='ocrx_word' id='word_1_419' title='bbox 110 2586 153 2611; x_wconf 88' lang='lat' dir='ltr'>mus</span> <span class='ocrx_word' id='word_1_420' title='bbox 169 2574 198 2611; x_wconf 90' lang='lat' dir='ltr'>ire</span> <span class='ocrx_word' id='word_1_421' title='bbox 213 2573 233 2610; x_wconf 90' lang='lat' dir='ltr'>in</span> <span class='ocrx_word' id='word_1_422' title='bbox 249 2572 316 2611; x_wconf 84' lang='lat' dir='ltr'>domos</span> <span class='ocrx_word' id='word_1_423' title='bbox 327 2584 372 2610; x_wconf 86' lang='lat' dir='ltr'>suas</span> <span class='ocrx_word' id='word_1_424' title='bbox 387 2571 463 2609; x_wconf 86' lang='lat' dir='ltr'>ieiunos</span> <span class='ocrx_word' id='word_1_425' title='bbox 479 2572 589 2619; x_wconf 80' lang='lat' dir='ltr'>fatigantur</span> <span class='ocrx_word' id='word_1_426' title='bbox 598 2571 619 2609; x_wconf 89' lang='lat' dir='ltr'>in</span> <span class='ocrx_word' id='word_1_427' title='bbox 635 2571 677 2610; x_wconf 89' lang='lat' dir='ltr'>via:</span> <span class='ocrx_word' id='word_1_428' title='bbox 694 2571 872 2618; x_wconf 85' lang='lat' dir='ltr'>quoinamquidam</span> 
     </span>
     <span class='ocr_line' id='line_1_45' title="bbox 111 2627 873 2675; baseline 0 -9"><span class='ocrx_word' id='word_1_429' title='bbox 111 2641 135 2667; x_wconf 85' lang='lat' dir='ltr'>ex</span> <span class='ocrx_word' id='word_1_430' title='bbox 158 2630 186 2666; x_wconf 82' lang='lat' dir='ltr'>eis</span> <span class='ocrx_word' id='word_1_431' title='bbox 208 2629 232 2666; x_wconf 91' lang='lat' dir='ltr'>de</span> <span class='ocrx_word' id='word_1_432' title='bbox 255 2629 360 2675; x_wconf 85' lang='lat' dir='ltr'>longinquo</span> <span class='ocrx_word' id='word_1_433' title='bbox 383 2633 484 2668; x_wconf 85' lang='lat' dir='ltr'>venerunt.</span> <span class='ocrx_word' id='word_1_434' title='bbox 514 2631 527 2666; x_wconf 89' lang='lat'>4</span> <span class='ocrx_word' id='word_1_435' title='bbox 557 2627 586 2666; x_wconf 83' lang='lat' dir='ltr'>Et</span> <span class='ocrx_word' id='word_1_436' title='bbox 607 2627 749 2674; x_wconf 89' lang='lat' dir='ltr'>respondentes</span> <span class='ocrx_word' id='word_1_437' title='bbox 774 2629 793 2667; x_wconf 94' lang='lat' dir='ltr'>ei</span> <span class='ocrx_word' id='word_1_438' title='bbox 815 2628 873 2666; x_wconf 84' lang='lat' dir='ltr'>disci-</span> 
     </span>
     <span class='ocr_line' id='line_1_46' title="bbox 110 2684 872 2733; baseline 0 -10"><span class='ocrx_word' id='word_1_439' title='bbox 110 2685 152 2733; x_wconf 85' lang='lat' dir='ltr'>puli</span> <span class='ocrx_word' id='word_1_440' title='bbox 167 2686 198 2724; x_wconf 88' lang='lat' dir='ltr'>sui</span> <span class='ocrx_word' id='word_1_441' title='bbox 221 2685 314 2724; x_wconf 81' lang='lat' dir='ltr'>dixerunt</span> <span class='ocrx_word' id='word_1_442' title='bbox 328 2684 386 2725; x_wconf 89' lang='lat' dir='ltr'>Unde</span> <span class='ocrx_word' id='word_1_443' title='bbox 408 2684 457 2724; x_wconf 87' lang='lat' dir='ltr'>istos</span> <span class='ocrx_word' id='word_1_444' title='bbox 480 2686 524 2732; x_wconf 81' lang='lat' dir='ltr'>quis</span> <span class='ocrx_word' id='word_1_445' title='bbox 546 2691 613 2732; x_wconf 87' lang='lat' dir='ltr'>potest</span> <span class='ocrx_word' id='word_1_446' title='bbox 635 2690 724 2724; x_wconf 87' lang='lat' dir='ltr'>saturare</span> <span class='ocrx_word' id='word_1_447' title='bbox 745 2685 829 2733; x_wconf 89' lang='lat' dir='ltr'>panibus</span> <span class='ocrx_word' id='word_1_448' title='bbox 851 2686 872 2723; x_wconf 89' lang='lat' dir='ltr'>in</span> 
     </span>
     <span class='ocr_line' id='line_1_47' title="bbox 111 2740 872 2789; baseline 0 -9"><span class='ocrx_word' id='word_1_449' title='bbox 111 2743 203 2781; x_wconf 84' lang='lat' dir='ltr'>deserto?</span> <span class='ocrx_word' id='word_1_450' title='bbox 220 2746 230 2780; x_wconf 83' lang='lat'><strong><em>5</em></strong></span> <span class='ocrx_word' id='word_1_451' title='bbox 249 2741 288 2788; x_wconf 81' lang='lat' dir='ltr'>Qui</span> <span class='ocrx_word' id='word_1_452' title='bbox 303 2742 433 2789; x_wconf 80' lang='lat' dir='ltr'>interrogavit</span> <span class='ocrx_word' id='word_1_453' title='bbox 448 2755 481 2781; x_wconf 88' lang='lat' dir='ltr'>eos</span> <span class='ocrx_word' id='word_1_454' title='bbox 497 2740 551 2787; x_wconf 79' lang='lat' dir='ltr'>Quot</span> <span class='ocrx_word' id='word_1_455' title='bbox 565 2755 626 2788; x_wconf 89' lang='lat' dir='ltr'>panes</span> <span class='ocrx_word' id='word_1_456' title='bbox 641 2741 734 2781; x_wconf 82' lang='lat' dir='ltr'>habetis?</span> <span class='ocrx_word' id='word_1_457' title='bbox 764 2741 804 2788; x_wconf 83' lang='lat' dir='ltr'>Qui</span> <span class='ocrx_word' id='word_1_458' title='bbox 819 2742 872 2780; x_wconf 89' lang='lat' dir='ltr'>dixe-</span> 
     </span>
    </p>
   </div>
   <div class='ocr_carea' id='block_1_3' title="bbox 0 0 940 2914">
    <p class='ocr_par' dir='ltr' id='par_1_4' title="bbox 0 0 940 2914">
     <span class='ocr_line' id='line_1_48' title="bbox 0 0 940 2914; baseline 0 0"><span class='ocrx_word' id='word_1_459' title='bbox 0 0 940 2914; x_wconf 95' lang='lat' dir='ltr'> </span> 
     </span>
    </p>
   </div>
  </div>
 </body>
</html>
