1837 2928
55 83 76 118 c.
90 80 118 116 15.
410 79 470 115 Marc.
531 102 533 105 <
790 86 816 120 63

55 208 84 246 ait
99 207 130 245 Tu
146 207 200 244 dicis.
234 211 252 245 3.
275 206 304 244 Et
321 207 439 246 accusabant
461 220 506 244 eum
527 206 732 258 summi-sacerdotes
746 206 814 246 multa,

57 263 103 310 Ipse
120 268 186 301 autem
200 262 261 301 nichil
275 262 412 309 respondebat.
428 265 440 301 t
456 262 533 301 lterum
543 261 620 300 Pilatus
635 263 764 310 interrogavit
771 276 816 300 eum

55 321 122 359 dicens
139 319 185 358 Non
206 319 314 366 respondes
334 319 362 358 eis
384 320 500 368 quiequam?
523 331 567 357 ecce
583 324 655 365 quanta
676 326 696 357 te
717 325 817 358 accusant.

55 382 66 415 5
82 378 138 415 Iesus
154 380 220 414 autem
235 376 295 415 nichil
311 376 394 422 amplius
409 375 518 423 respondit,
534 376 563 414 ita
577 381 601 413 ut
608 375 687 414 Pilatus
702 376 814 414 miraretur.

56 438 66 472 t
82 432 122 471 Per
138 433 270 471 trementem
286 432 392 471 solemnem
408 432 508 471 dimittere
524 431 601 470 solebat
616 432 643 470 eis
659 445 720 469 unum
727 432 815 470 vinctum

54 502 189 536 quemcunque
208 489 311 536 petissent.
341 490 352 528 '1
367 488 419 527 Erat
433 494 498 527 autem
514 489 535 527 iu
551 500 648 527 carcerem
664 489 698 536 qui
714 487 818 527 dicebatur

34 545 162 596 'Barabbas
181 547 215 591 qui
231 558 275 584 cum
290 545 392 584 sediciosis
411 546 505 595 reclusus,
522 545 555 592 qui
577 546 598 583 in
620 545 719 584 sedicione
741 545 816 582 fecerat

52 602 187 641 homicidium.
205 607 215 641 8
231 602 260 640 Et
275 616 318 641 cum
334 602 455 641 ascendisset
469 602 533 651 turba,
549 601 644 649 rogabant
650 601 738 640 Pilatum
752 606 776 639 ut
790 602 815 639 si-

54 665 87 697 cut
106 664 235 698 consueverat
249 673 285 706 per
300 659 352 697 diem
366 658 439 698 festum
455 659 566 697 dimitteret
581 658 621 696 illis
636 672 697 696 uuum
717 658 813 696 vinctum.

54 720 65 754 9
81 715 159 754 Pilatus
175 721 240 753 autem
254 716 357 762 respondit
371 715 411 753 illis
427 715 493 753 diceus
507 715 576 753 Vultis
597 716 697 753 remittam
711 714 767 753 vobis
782 728 813 752 re-

52 785 96 819 gem
110 772 239 811 Iudaeorum?
256 776 282 810 10
299 771 379 811 Sciebat
394 772 445 810 enim
462 771 514 817 quod
528 784 564 817 per
579 771 673 809 invidiam
687 771 813 809 tradiderunt

53 842 98 866 eum
112 828 211 874 principes
227 828 356 866 sacerdotum.
375 832 398 866 11
416 827 491 867 Scribae
506 833 573 866 autem
587 833 729 874 persuaserunt
749 826 815 866 turbis

52 890 76 923 ut
98 884 196 923 dicerent:
212 885 276 931 Magis
291 884 402 924 Barabbam
418 884 496 930 dimitte
511 884 574 924 nobis.
600 888 625 922 12
655 883 733 922 Pilatus
748 888 815 922 autern

52 942 126 979 iterum
140 941 243 988 respondit
258 942 287 980 eis
310 941 377 980 dicens
393 939 446 987 Quid
466 954 511 988 ergo
526 940 586 979 vultis
602 947 625 979 ut
639 941 711 979 faciam
725 941 767 988 regi
781 939 814 978 Iu-

53 998 153 1037 daeorum?
177 1002 201 1036 13
222 998 256 1036 illi
274 1011 321 1037 vero
344 998 478 1037 clamaverunt
499 999 585 1037 dicentes
602 996 660 1036 Oruci
683 1011 728 1036 eum
748 997 812 1044 affige.

54 1057 80 1093 14
95 1055 175 1108 Pilatus
197 1061 262 1093 autem
278 1055 356 1094 dicebat
371 1055 410 1093 illis
426 1053 480 1101 Quid
498 1056 549 1094 enim
571 1054 618 1093 mali
641 1054 702 1093 fecit?
732 1054 761 1093 At
781 1054 811 1092 illi

52 1112 113 1159 magis
129 1111 238 1150 clamabant
253 1111 321 1152 dicens
337 1110 432 1158 Orucifige
448 1125 498 1149 eum.
530 1113 555 1149 15
581 1111 637 1149 Tunc
652 1111 730 1149 Pilatus
745 1111 814 1149 volens

51 1167 123 1215 populo
139 1167 255 1206 satisfacere
270 1168 346 1206 dimisit
360 1167 399 1207 illis
415 1167 526 1218 Barabban⁷
549 1173 569 1205 et
584 1167 668 1206 tradidit
690 1167 728 1205 illis
744 1167 812 1206 Iesum

51 1224 133 1272 flagellis
149 1237 222 1263 caesum
236 1228 260 1262 ut
274 1225 427 1272 crucifigeretur.
459 1229 484 1263 16
500 1224 576 1263 Milites
599 1227 644 1272 eigo
667 1230 768 1271 acceptum
782 1223 813 1262 Ie·
877 1242 881 1245 ⁴

51 1294 94 1320 sum
110 1281 208 1320 duxerunt
224 1294 267 1319 eum
283 1282 304 1319 in
319 1282 391 1320 atrium
405 1281 500 1330 praetorii,
524 1286 546 1319 et
567 1287 723 1319 convocaverunt
745 1281 814 1319 cohor-

51 1343 98 1388 tem,
116 1338 141 1377 17
157 1344 178 1377 et
192 1338 303 1377 vestierunt
317 1352 362 1377 eum
377 1351 484 1386 purpuram
499 1344 519 1376 et
534 1338 670 1385 imposuerunt
690 1338 720 1376 illi
738 1338 811 1376 iactam

51 1396 138 1442 spineam
153 1408 250 1445 coronam,
279 1399 304 1434 18
336 1401 356 1434 et
373 1395 485 1434 salutabant
508 1408 551 1433 eum
567 1395 654 1433 dicentes
669 1395 713 1434 Ave
728 1407 764 1433 rex
778 1394 813 1433 Iu-

49 1451 146 1494 daeorum:
165 1456 189 1491 19
201 1458 228 1491 et-
242 1452 381 1499 percutiebant
388 1452 444 1491 illum
459 1452 483 1490 de
497 1452 607 1490 harundine
622 1453 643 1490 in
658 1457 752 1500 caputet
768 1464 811 1490 cou-

48 1509 145 1556 spuebant
160 1509 185 1560 ei,
201 1513 222 1548 et
235 1514 331 1556 ponentes
345 1522 409 1556 genua
424 1509 531 1548 adorabant
546 1522 596 1548 eum.
623 1512 649 1548 20
665 1508 693 1548 Et
707 1515 812 1556 postquam

48 1566 154 1604 illuserunt
169 1567 195 1617 ei,
220 1571 318 1605 exuerunt
332 1566 388 1605 illum
403 1579 511 1615 purpuram
526 1572 546 1604 et
560 1566 668 1605 induerunt
682 1566 736 1604 illum
752 1567 812 1605 vesti-

48 1628 114 1661 menta
139 1636 175 1661 sua
199 1628 220 1662 et
248 1623 346 1662 duxerunt
373 1630 397 1661 ut
422 1623 557 1670 crucifigerent
581 1636 632 1661 eum.
668 1627 693 1661 21
724 1622 753 1661 Et
778 1636 811 1669 ap-

47 1679 195 1726 prehenderunt
217 1681 319 1726 quemdam
336 1678 452 1725 cyrenaeum
470 1685 611 1729 transeuntem
627 1679 660 1718 oui
681 1692 752 1718 nomen
767 1685 810 1718 erat

48 1734 122 1782 Simon,
149 1737 183 1782 qui
204 1737 295 1775 veniebat
320 1736 343 1774 de
366 1737 413 1775 villa
435 1750 477 1787 sua,
503 1742 546 1775 erat
570 1743 636 1774 autem
650 1742 707 1783 pater
721 1736 767 1775 Rufi
790 1742 811 1774 et

47 1792 163 1840 Alexandri,
194 1799 215 1832 et
242 1793 332 1832 fecerunt
354 1793 410 1832 illum
439 1799 519 1841 portare
549 1805 626 1832 crucem
649 1793 698 1832 eius.
729 1797 755 1832 22
781 1793 811 1831 Et

48 1850 147 1889 duxerunt
161 1851 182 1888 in
197 1849 295 1898 Golgotha
310 1851 362 1899 quod
377 1852 520 1897 interpretatur
535 1851 627 1889 calvariae
641 1850 702 1889 locus.
734 1855 759 1888 23
781 1849 811 1889 Et

48 1906 145 1946 dederunt
159 1908 178 1946 ei
192 1906 259 1947 bibere
274 1907 377 1946 mirratum
393 1908 466 1955 vinum,
482 1913 503 1946 et
513 1920 551 1946 non
566 1908 647 1954 accepit.
664 1910 690 1945 24
706 1907 734 1945 Et
748 1908 810 1946 cruci-

46 1963 133 2003 fixerunt
148 1978 193 2003 eum
208 1970 229 2003 et
244 1964 355 2004 diviserunt
361 1965 479 2004 vestimenta
494 1965 544 2016 eius,
552 1965 654 2003 mittentes
670 1970 749 2015 sortem,
765 1964 810 2011 quis

47 2021 95 2067 quid
110 2021 195 2062 tolleret.
222 2026 247 2060 25
271 2022 322 2060 Erat
337 2027 403 2060 autem
417 2022 467 2061 hora
487 2022 550 2060 tercia
565 2028 586 2061 et
604 2022 743 2061 crucifixerunt
758 2035 808 2062 eum.

47 2082 74 2116 26
98 2077 126 2116 Et
141 2084 184 2117 erat
198 2078 303 2125 inscripcio
319 2091 383 2117 causae
399 2078 441 2117 eius
456 2078 513 2117 Iesus
529 2090 564 2117 rex
579 2078 699 2118 Iudaeorum.
730 2080 757 2117 27
782 2077 810 2117 Et

48 2135 187 2173 crucifixerunt
202 2149 246 2173 cum
267 2148 289 2174 eo
317 2135 365 2174 duos
390 2135 483 2185 latrones,
508 2149 570 2174 unum
594 2149 605 2174 a
631 2136 706 2175 dextris
731 2136 810 2174 nomine

47 2191 136 2230 Zoathan
158 2197 179 2230 et
194 2191 254 2230 alium
275 2192 388 2231 asinistris
408 2193 487 2231 nomine
508 2191 644 2232 Ohammatha.
675 2197 701 2232 28
724 2191 753 2231 Et
775 2192 808 2231 ad-

46 2249 127 2296 impleta
143 2254 174 2288 est
189 2249 287 2296 scriptura
302 2262 346 2295 quae
370 2249 419 2288 dicit
440 2250 469 2288 111
491 2263 533 2289 oum
552 2250 626 2297 iniquis
649 2250 755 2298 deputatus
770 2254 809 2288 est.

47 2311 73 2345 29
89 2306 237 2351 Praetereuutes
253 2312 319 2344 autem
333 2306 496 2354 blasphemabant
511 2321 562 2359 eum,
576 2313 677 2347 moventes
693 2307 758 2354 capita
773 2320 810 2345 sua

48 2369 69 2402 et
84 2364 172 2403 dieentes
187 2363 233 2402 Vah
248 2364 282 2411 qui
297 2363 386 2402 dest-rues
402 2365 497 2412 templum
520 2370 541 2403 et
555 2365 657 2406 reedifieas
678 2365 728 2403 illud
743 2363 807 2402 tribus

48 2420 128 2460 diebus:
146 2426 172 2460 30
189 2421 263 2460 saluum
279 2426 299 2458 te
314 2421 345 2459 fao
361 2426 381 2459 et
396 2422 492 2460 descende
509 2422 532 2460 de
548 2433 612 2461 cruce.
644 2425 668 2460 31
694 2421 722 2460 Et
737 2421 809 2460 scribae

46 2491 90 2516 cum
104 2478 227 2526 principibus
243 2477 366 2517 sacerdotum
381 2478 488 2518 irridentes
504 2493 548 2518 eum
564 2479 655 2519 dicebant
670 2479 728 2517 Alios
743 2476 807 2517 salvos

45 2534 100 2588 feeit,
122 2541 142 2574 te
157 2537 222 2583 ipsum
237 2535 312 2575 salvum
327 2535 364 2585 fac,
389 2540 414 2573 32
435 2537 453 2574 si
476 2534 568 2575 Christus
592 2550 612 2575 es
628 2550 664 2575 rex
676 2535 748 2575 lsrael:
765 2535 808 2574 des-

45 2593 116 2631 cendat
131 2604 182 2632 nunc
197 2594 221 2632 de
237 2604 300 2642 cruce,
321 2598 342 2631 et
356 2592 454 2632 credimus
474 2594 498 2631 ei.
529 2593 558 2632 Et
580 2594 614 2640 qui
636 2594 701 2632 simul·
717 2606 761 2631 cum
784 2606 807 2632 eo

45 2650 134 2689 crucifixi
150 2657 206 2689 erant
221 2649 381 2690 conviciabantur
396 2650 421 2689 ei.
452 2655 476 2689 33
493 2650 581 2690 Etcum
603 2651 652 2690 hora
674 2655 727 2689 esset
747 2656 807 2698 ‘sexta

45 2707 133 2746 tenebrae
147 2708 207 2759 factae
222 2714 268 2747 sunt
283 2721 342 2754 super
357 2713 419 2752 totam
433 2710 508 2747 terram
523 2721 586 2755 usque
605 2709 630 2747 ad
644 2708 714 2747 horam
729 2722 806 2748 nonam.

46 2766 72 2802 34
88 2764 116 2803 111
131 2761 181 2804 noua
195 2765 245 2804 hora
260 2765 377 2804 exclamavit
391 2764 449 2803 Iesus
464 2778 511 2804 voce
527 2779 596 2814 magua
612 2765 679 2805 dicens
694 2765 743 2806 Heli
765 2765 807 2804 heli
