<?xml version="1.0" encoding="UTF-8"?>
<!DOCTYPE html PUBLIC "-//W3C//DTD XHTML 1.0 Transitional//EN"
    "http://www.w3.org/TR/xhtml1/DTD/xhtml1-transitional.dtd">
<html xmlns="http://www.w3.org/1999/xhtml" xml:lang="en" lang="en">
 <head>
  <title>
</title>
<meta http-equiv="Content-Type" content="text/html;charset=utf-8" />
  <meta name='ocr-system' content='tesseract 3.04.00' />
  <meta name='ocr-capabilities' content='ocr_page ocr_carea ocr_par ocr_line ocrx_word'/>
</head>
<body>
  <div class='ocr_page' id='page_1' title='image "MN41417ucmf_6_0036.png"; bbox 0 0 1869 2914; ppageno 0'>
   <div class='ocr_carea' id='block_1_1' title="bbox 117 45 875 89">
    <p class='ocr_par' dir='ltr' id='par_1_1' title="bbox 117 45 875 89">
     <span class='ocr_line' id='line_1_1' title="bbox 117 45 875 89; baseline 0.007 -13"><span class='ocrx_word' id='word_1_1' title='bbox 117 55 143 89; x_wconf 73' lang='lat'>14</span> <span class='ocrx_word' id='word_1_2' title='bbox 456 45 491 79; x_wconf 79' lang='lat' dir='ltr'>Ev-</span> <span class='ocrx_word' id='word_1_3' title='bbox 506 55 540 80; x_wconf 86' lang='lat' dir='ltr'>sec.</span> <span class='ocrx_word' id='word_1_4' title='bbox 773 46 791 81; x_wconf 79' lang='lat' dir='ltr'>O.</span> <span class='ocrx_word' id='word_1_5' title='bbox 805 46 832 81; x_wconf 89' lang='lat'>11.</span> <span class='ocrx_word' id='word_1_6' title='bbox 846 46 875 81; x_wconf 81' lang='grc'>12,</span> 
     </span>
    </p>
   </div>
   <div class='ocr_carea' id='block_1_2' title="bbox 108 171 919 2782">
    <p class='ocr_par' dir='ltr' id='par_1_2' title="bbox 112 171 919 1233">
     <span class='ocr_line' id='line_1_2' title="bbox 114 171 875 221; baseline -0.003 -9"><span class='ocrx_word' id='word_1_7' title='bbox 114 174 152 212; x_wconf 85' lang='lat' dir='ltr'>Vae</span> <span class='ocrx_word' id='word_1_8' title='bbox 167 174 204 211; x_wconf 91' lang='lat' dir='ltr'>tibi</span> <span class='ocrx_word' id='word_1_9' title='bbox 220 171 320 212; x_wconf 80' lang='lat' dir='ltr'>Oorozaim</span> <span class='ocrx_word' id='word_1_10' title='bbox 336 178 356 210; x_wconf 90' lang='lat' dir='ltr'>et</span> <span class='ocrx_word' id='word_1_11' title='bbox 371 171 485 221; x_wconf 72' lang='lat' dir='ltr'>Bethsaida7</span> <span class='ocrx_word' id='word_1_12' title='bbox 502 171 548 216; x_wconf 83' lang='lat' dir='ltr'>quia</span> <span class='ocrx_word' id='word_1_13' title='bbox 563 171 580 209; x_wconf 90' lang='lat' dir='ltr'>si</span> <span class='ocrx_word' id='word_1_14' title='bbox 595 173 615 210; x_wconf 91' lang='lat' dir='ltr'>in</span> <span class='ocrx_word' id='word_1_15' title='bbox 626 172 679 217; x_wconf 77' lang='lat' dir='ltr'>Tyro</span> <span class='ocrx_word' id='word_1_16' title='bbox 695 171 796 211; x_wconf 73' lang='lat' dir='ltr'>ctSiclone</span> <span class='ocrx_word' id='word_1_17' title='bbox 813 171 875 210; x_wconf 85' lang='lat' dir='ltr'>factae</span> 
     </span>
     <span class='ocr_line' id='line_1_3' title="bbox 115 227 875 280; baseline -0.004 -12"><span class='ocrx_word' id='word_1_18' title='bbox 115 236 180 269; x_wconf 89' lang='lat' dir='ltr'>essent</span> <span class='ocrx_word' id='word_1_19' title='bbox 194 230 286 276; x_wconf 81' lang='lat' dir='ltr'>virtutes,</span> <span class='ocrx_word' id='word_1_20' title='bbox 302 242 346 275; x_wconf 89' lang='lat' dir='ltr'>quae</span> <span class='ocrx_word' id='word_1_21' title='bbox 361 229 420 267; x_wconf 81' lang='lat' dir='ltr'>factae</span> <span class='ocrx_word' id='word_1_22' title='bbox 435 228 516 266; x_wconf 89' lang='lat' dir='ltr'>suntin</span> <span class='ocrx_word' id='word_1_23' title='bbox 531 227 593 280; x_wconf 72' lang='lat' dir='ltr'>vobis,</span> <span class='ocrx_word' id='word_1_24' title='bbox 610 228 657 266; x_wconf 90' lang='lat' dir='ltr'>olim</span> <span class='ocrx_word' id='word_1_25' title='bbox 671 229 763 268; x_wconf 82' lang='lat' dir='ltr'>incilicia</span> <span class='ocrx_word' id='word_1_26' title='bbox 780 234 800 267; x_wconf 94' lang='lat' dir='ltr'>et</span> <span class='ocrx_word' id='word_1_27' title='bbox 808 229 875 266; x_wconf 88' lang='lat' dir='ltr'>cinere</span> 
     </span>
     <span class='ocr_line' id='line_1_4' title="bbox 113 284 873 335; baseline -0.003 -10"><span class='ocrx_word' id='word_1_28' title='bbox 113 287 251 333; x_wconf 80' lang='lat' dir='ltr'>peeniteneiam</span> <span class='ocrx_word' id='word_1_29' title='bbox 273 287 364 334; x_wconf 80' lang='lat' dir='ltr'>egissent</span> <span class='ocrx_word' id='word_1_30' title='bbox 396 289 422 322; x_wconf 85' lang='grc'>22</span> <span class='ocrx_word' id='word_1_31' title='bbox 449 284 584 323; x_wconf 87' lang='lat' dir='ltr'>Veruntamen</span> <span class='ocrx_word' id='word_1_32' title='bbox 607 285 650 324; x_wconf 89' lang='lat' dir='ltr'>dico</span> <span class='ocrx_word' id='word_1_33' title='bbox 681 286 742 335; x_wconf 78' lang='grc'>111111,</span> <span class='ocrx_word' id='word_1_34' title='bbox 774 286 827 332; x_wconf 81' lang='lat' dir='ltr'>Tyro</span> <span class='ocrx_word' id='word_1_35' title='bbox 853 290 873 324; x_wconf 91' lang='lat' dir='ltr'>et</span> 
     </span>
     <span class='ocr_line' id='line_1_5' title="bbox 115 340 873 387; baseline -0.001 -6"><span class='ocrx_word' id='word_1_36' title='bbox 115 343 183 381; x_wconf 83' lang='lat' dir='ltr'>Sidoni</span> <span class='ocrx_word' id='word_1_37' title='bbox 206 344 307 381; x_wconf 87' lang='lat' dir='ltr'>remissius</span> <span class='ocrx_word' id='word_1_38' title='bbox 331 342 369 379; x_wconf 91' lang='lat' dir='ltr'>erit</span> <span class='ocrx_word' id='word_1_39' title='bbox 388 343 409 379; x_wconf 91' lang='lat' dir='ltr'>in</span> <span class='ocrx_word' id='word_1_40' title='bbox 430 340 461 378; x_wconf 89' lang='lat' dir='ltr'>die</span> <span class='ocrx_word' id='word_1_41' title='bbox 481 341 549 378; x_wconf 89' lang='lat' dir='ltr'>iudicii</span> <span class='ocrx_word' id='word_1_42' title='bbox 570 354 628 387; x_wconf 87' lang='lat' dir='ltr'>quam</span> <span class='ocrx_word' id='word_1_43' title='bbox 657 342 718 382; x_wconf 90' lang='lat' dir='ltr'>vobis.</span> <span class='ocrx_word' id='word_1_44' title='bbox 750 347 776 380; x_wconf 82' lang='lat'>23</span> <span class='ocrx_word' id='word_1_45' title='bbox 800 342 827 380; x_wconf 81' lang='lat' dir='ltr'>Et</span> <span class='ocrx_word' id='word_1_46' title='bbox 850 348 873 380; x_wconf 85' lang='lat' dir='ltr'>tu</span> 
     </span>
     <span class='ocr_line' id='line_1_6' title="bbox 114 397 875 449; baseline -0.003 -11"><span class='ocrx_word' id='word_1_47' title='bbox 114 398 256 449; x_wconf 72' lang='lat' dir='ltr'>capharnaum,</span> <span class='ocrx_word' id='word_1_48' title='bbox 273 397 361 445; x_wconf 82' lang='lat' dir='ltr'>nunquid</span> <span class='ocrx_word' id='word_1_49' title='bbox 375 397 468 444; x_wconf 87' lang='lat' dir='ltr'>usquein</span> <span class='ocrx_word' id='word_1_50' title='bbox 484 397 553 436; x_wconf 91' lang='lat' dir='ltr'>caelum</span> <span class='ocrx_word' id='word_1_51' title='bbox 569 397 700 437; x_wconf 68' lang='lat' dir='ltr'>exaltaberis?</span> <span class='ocrx_word' id='word_1_52' title='bbox 719 404 739 437; x_wconf 89' lang='grc'>11</span> <span class='ocrx_word' id='word_1_53' title='bbox 754 400 771 437; x_wconf 90' lang='grc'>11</span> <span class='ocrx_word' id='word_1_54' title='bbox 786 398 875 437; x_wconf 83' lang='lat' dir='ltr'>exaltata.</span> 
     </span>
     <span class='ocr_line' id='line_1_7' title="bbox 114 454 874 507; baseline -0.003 -12"><span class='ocrx_word' id='word_1_55' title='bbox 114 457 182 507; x_wconf 64' lang='lat' dir='ltr'>fueris,</span> <span class='ocrx_word' id='word_1_56' title='bbox 205 469 267 504; x_wconf 88' lang='lat' dir='ltr'>usque</span> <span class='ocrx_word' id='word_1_57' title='bbox 290 457 315 494; x_wconf 84' lang='lat' dir='ltr'>ad</span> <span class='ocrx_word' id='word_1_58' title='bbox 329 455 402 493; x_wconf 84' lang='lat' dir='ltr'>inferos</span> <span class='ocrx_word' id='word_1_59' title='bbox 419 454 530 503; x_wconf 77' lang='lat' dir='ltr'>descendes,</span> <span class='ocrx_word' id='word_1_60' title='bbox 555 456 600 501; x_wconf 90' lang='lat' dir='ltr'>quia</span> <span class='ocrx_word' id='word_1_61' title='bbox 625 456 641 493; x_wconf 90' lang='lat' dir='ltr'>si</span> <span class='ocrx_word' id='word_1_62' title='bbox 665 457 685 494; x_wconf 90' lang='lat' dir='ltr'>in</span> <span class='ocrx_word' id='word_1_63' title='bbox 701 454 790 494; x_wconf 77' lang='lat' dir='ltr'>Sodomis</span> <span class='ocrx_word' id='word_1_64' title='bbox 813 455 874 493; x_wconf 81' lang='lat' dir='ltr'>factae</span> 
     </span>
     <span class='ocr_line' id='line_1_8' title="bbox 115 511 874 561; baseline -0.001 -10"><span class='ocrx_word' id='word_1_65' title='bbox 115 514 200 553; x_wconf 85' lang='lat' dir='ltr'>fuissent</span> <span class='ocrx_word' id='word_1_66' title='bbox 214 514 298 552; x_wconf 88' lang='lat' dir='ltr'>virtutes</span> <span class='ocrx_word' id='word_1_67' title='bbox 314 525 358 558; x_wconf 86' lang='lat' dir='ltr'>quae</span> <span class='ocrx_word' id='word_1_68' title='bbox 374 512 433 550; x_wconf 77' lang='lat' dir='ltr'>factae</span> <span class='ocrx_word' id='word_1_69' title='bbox 449 517 496 549; x_wconf 86' lang='lat' dir='ltr'>sunt</span> <span class='ocrx_word' id='word_1_70' title='bbox 510 513 531 550; x_wconf 90' lang='lat' dir='ltr'>in</span> <span class='ocrx_word' id='word_1_71' title='bbox 545 516 573 561; x_wconf 85' lang='grc'>11,</span> <span class='ocrx_word' id='word_1_72' title='bbox 596 511 648 550; x_wconf 86' lang='lat' dir='ltr'>forte</span> <span class='ocrx_word' id='word_1_73' title='bbox 670 512 788 550; x_wconf 89' lang='lat' dir='ltr'>mansissent</span> <span class='ocrx_word' id='word_1_74' title='bbox 810 524 874 558; x_wconf 88' lang='lat' dir='ltr'>usqne</span> 
     </span>
     <span class='ocr_line' id='line_1_9' title="bbox 114 567 873 614; baseline -0.004 -5"><span class='ocrx_word' id='word_1_75' title='bbox 114 572 135 609; x_wconf 94' lang='lat' dir='ltr'>in</span> <span class='ocrx_word' id='word_1_76' title='bbox 149 571 264 609; x_wconf 88' lang='lat' dir='ltr'>hodiernum</span> <span class='ocrx_word' id='word_1_77' title='bbox 281 570 337 608; x_wconf 85' lang='lat' dir='ltr'>diem.</span> <span class='ocrx_word' id='word_1_78' title='bbox 363 572 389 607; x_wconf 75' lang='lat'>24</span> <span class='ocrx_word' id='word_1_79' title='bbox 406 567 445 607; x_wconf 80' lang='lat' dir='ltr'>Sed</span> <span class='ocrx_word' id='word_1_80' title='bbox 460 575 526 607; x_wconf 86' lang='lat' dir='ltr'>tamen</span> <span class='ocrx_word' id='word_1_81' title='bbox 542 569 585 607; x_wconf 92' lang='lat' dir='ltr'>dico</span> <span class='ocrx_word' id='word_1_82' title='bbox 600 568 656 607; x_wconf 82' lang='lat' dir='ltr'>robis</span> <span class='ocrx_word' id='word_1_83' title='bbox 672 570 718 614; x_wconf 89' lang='lat' dir='ltr'>quia</span> <span class='ocrx_word' id='word_1_84' title='bbox 736 574 795 607; x_wconf 85' lang='lat' dir='ltr'>terrae</span> <span class='ocrx_word' id='word_1_85' title='bbox 811 568 873 607; x_wconf 76' lang='lat' dir='ltr'>Sodo-</span> 
     </span>
     <span class='ocr_line' id='line_1_10' title="bbox 114 624 874 671; baseline -0.003 -6"><span class='ocrx_word' id='word_1_86' title='bbox 114 641 189 665; x_wconf 80' lang='lat' dir='ltr'>morum</span> <span class='ocrx_word' id='word_1_87' title='bbox 204 627 305 665; x_wconf 83' lang='lat' dir='ltr'>remissius</span> <span class='ocrx_word' id='word_1_88' title='bbox 326 626 365 664; x_wconf 92' lang='lat' dir='ltr'>erit</span> <span class='ocrx_word' id='word_1_89' title='bbox 386 626 406 663; x_wconf 91' lang='lat' dir='ltr'>in</span> <span class='ocrx_word' id='word_1_90' title='bbox 428 624 459 663; x_wconf 92' lang='lat' dir='ltr'>die</span> <span class='ocrx_word' id='word_1_91' title='bbox 482 625 551 663; x_wconf 88' lang='lat' dir='ltr'>iudicii</span> <span class='ocrx_word' id='word_1_92' title='bbox 573 638 630 671; x_wconf 88' lang='lat' dir='ltr'>quam</span> <span class='ocrx_word' id='word_1_93' title='bbox 654 625 716 664; x_wconf 85' lang='lat' dir='ltr'>vobis.</span> <span class='ocrx_word' id='word_1_94' title='bbox 740 630 765 663; x_wconf 85' lang='lat'>25</span> <span class='ocrx_word' id='word_1_95' title='bbox 792 625 816 663; x_wconf 85' lang='lat' dir='ltr'>In</span> <span class='ocrx_word' id='word_1_96' title='bbox 838 625 874 663; x_wconf 92' lang='lat' dir='ltr'>illo</span> 
     </span>
     <span class='ocr_line' id='line_1_11' title="bbox 113 682 871 730; baseline 0 -9"><span class='ocrx_word' id='word_1_97' title='bbox 113 689 200 730; x_wconf 89' lang='lat' dir='ltr'>tempore</span> <span class='ocrx_word' id='word_1_98' title='bbox 216 683 335 730; x_wconf 86' lang='lat' dir='ltr'>respondens</span> <span class='ocrx_word' id='word_1_99' title='bbox 351 682 407 721; x_wconf 85' lang='lat' dir='ltr'>Iesus</span> <span class='ocrx_word' id='word_1_100' title='bbox 424 682 475 720; x_wconf 85' lang='lat' dir='ltr'>dixit</span> <span class='ocrx_word' id='word_1_101' title='bbox 490 682 590 721; x_wconf 80' lang='lat' dir='ltr'>Confiteor</span> <span class='ocrx_word' id='word_1_102' title='bbox 605 683 641 721; x_wconf 86' lang='lat' dir='ltr'>tibi</span> <span class='ocrx_word' id='word_1_103' title='bbox 657 683 740 730; x_wconf 66' lang='lat' dir='ltr'>domine7</span> <span class='ocrx_word' id='word_1_104' title='bbox 756 688 813 730; x_wconf 86' lang='lat' dir='ltr'>pater</span> <span class='ocrx_word' id='word_1_105' title='bbox 828 682 871 721; x_wconf 88' lang='lat' dir='ltr'>caeli</span> 
     </span>
     <span class='ocr_line' id='line_1_12' title="bbox 114 739 874 791; baseline -0.003 -12"><span class='ocrx_word' id='word_1_106' title='bbox 114 748 133 779; x_wconf 90' lang='lat' dir='ltr'>et</span> <span class='ocrx_word' id='word_1_107' title='bbox 148 746 214 791; x_wconf 79' lang='grc'>111111,</span> <span class='ocrx_word' id='word_1_108' title='bbox 231 743 277 788; x_wconf 83' lang='lat' dir='ltr'>quia</span> <span class='ocrx_word' id='word_1_109' title='bbox 293 740 412 779; x_wconf 74' lang='lat' dir='ltr'>abscondisti</span> <span class='ocrx_word' id='word_1_110' title='bbox 428 740 470 777; x_wconf 78' lang='lat' dir='ltr'>lraeo</span> <span class='ocrx_word' id='word_1_111' title='bbox 486 753 497 777; x_wconf 92' lang='lat' dir='ltr'>a</span> <span class='ocrx_word' id='word_1_112' title='bbox 512 740 633 786; x_wconf 79' lang='lat' dir='ltr'>sapientibus</span> <span class='ocrx_word' id='word_1_113' title='bbox 649 745 670 777; x_wconf 91' lang='lat' dir='ltr'>et</span> <span class='ocrx_word' id='word_1_114' title='bbox 691 739 827 790; x_wconf 81' lang='lat' dir='ltr'>prudentibus,</span> <span class='ocrx_word' id='word_1_115' title='bbox 852 746 874 777; x_wconf 86' lang='lat' dir='ltr'>et</span> 
     </span>
     <span class='ocr_line' id='line_1_13' title="bbox 113 795 871 889; baseline -0.003 -54"><span class='ocrx_word' id='word_1_116' title='bbox 113 798 205 837; x_wconf 80' lang='lat' dir='ltr'>revelasti</span> <span class='ocrx_word' id='word_1_117' title='bbox 221 811 243 836; x_wconf 89' lang='lat' dir='ltr'>ea</span> <span class='ocrx_word' id='word_1_118' title='bbox 258 797 350 844; x_wconf 84' lang='lat' dir='ltr'>parvulis.</span> <span class='ocrx_word' id='word_1_119' title='bbox 375 801 400 835; x_wconf 79' lang='grc'>21</span> <span class='ocrx_word' id='word_1_120' title='bbox 417 795 489 889; x_wconf 81' lang='lat' dir='ltr'>Itapa</span> <span class='ocrx_word' id='word_1_121' title='bbox 470 801 526 844; x_wconf 74' lang='lat' dir='ltr'>mter,</span> <span class='ocrx_word' id='word_1_122' title='bbox 542 797 632 843; x_wconf 84' lang='lat' dir='ltr'>quoniam</span> <span class='ocrx_word' id='word_1_123' title='bbox 648 796 676 834; x_wconf 90' lang='lat' dir='ltr'>sie</span> <span class='ocrx_word' id='word_1_124' title='bbox 691 796 731 834; x_wconf 79' lang='lat' dir='ltr'>fuit</span> <span class='ocrx_word' id='word_1_125' title='bbox 744 795 794 834; x_wconf 89' lang='lat' dir='ltr'>bene</span> <span class='ocrx_word' id='word_1_126' title='bbox 813 795 871 841; x_wconf 87' lang='lat' dir='ltr'>placi-</span> 
     </span>
     <span class='ocr_line' id='line_1_14' title="bbox 113 829 871 899; baseline -0.003 -7"><span class='ocrx_word' id='word_1_127' title='bbox 113 860 155 892; x_wconf 87' lang='lat' dir='ltr'>tum</span> <span class='ocrx_word' id='word_1_128' title='bbox 171 858 250 892; x_wconf 88' lang='lat' dir='ltr'>antete</span> <span class='ocrx_word' id='word_1_129' title='bbox 253 855 307 893; x_wconf 81' lang='grc'>,27</span> <span class='ocrx_word' id='word_1_130' title='bbox 328 851 399 892; x_wconf 85' lang='lat' dir='ltr'>Omnia</span> <span class='ocrx_word' id='word_1_131' title='bbox 417 852 466 890; x_wconf 89' lang='grc'>1111111</span> <span class='ocrx_word' id='word_1_132' title='bbox 481 829 617 890; x_wconf 87' lang='lat' dir='ltr'>traditasunt</span> <span class='ocrx_word' id='word_1_133' title='bbox 632 867 643 890; x_wconf 90' lang='lat' dir='ltr'>a</span> <span class='ocrx_word' id='word_1_134' title='bbox 657 858 713 899; x_wconf 91' lang='lat' dir='ltr'>patre</span> <span class='ocrx_word' id='word_1_135' title='bbox 721 866 770 893; x_wconf 86' lang='lat' dir='ltr'>meo</span> <span class='ocrx_word' id='word_1_136' title='bbox 787 859 871 891; x_wconf 87' lang='lat' dir='ltr'>etuemo</span> 
     </span>
     <span class='ocr_line' id='line_1_15' title="bbox 114 896 870 961; baseline -0.001 -12"><span class='ocrx_word' id='word_1_137' title='bbox 114 911 169 949; x_wconf 82' lang='lat' dir='ltr'>norit</span> <span class='ocrx_word' id='word_1_138' title='bbox 184 911 245 949; x_wconf 84' lang='lat' dir='ltr'>filiurn</span> <span class='ocrx_word' id='word_1_139' title='bbox 261 911 299 948; x_wconf 92' lang='lat' dir='ltr'>nisi</span> <span class='ocrx_word' id='word_1_140' title='bbox 314 917 348 956; x_wconf 86' lang='lat' dir='ltr'>pat</span> <span class='ocrx_word' id='word_1_141' title='bbox 350 923 378 961; x_wconf 86' lang='grc'>11,</span> <span class='ocrx_word' id='word_1_142' title='bbox 393 922 456 957; x_wconf 85' lang='lat' dir='ltr'>neque</span> <span class='ocrx_word' id='word_1_143' title='bbox 471 915 547 957; x_wconf 88' lang='lat' dir='ltr'>patrem</span> <span class='ocrx_word' id='word_1_144' title='bbox 564 911 606 956; x_wconf 89' lang='lat' dir='ltr'>quis</span> <span class='ocrx_word' id='word_1_145' title='bbox 622 911 677 948; x_wconf 86' lang='lat' dir='ltr'>novit</span> <span class='ocrx_word' id='word_1_146' title='bbox 692 911 730 948; x_wconf 85' lang='lat' dir='ltr'>uisi</span> <span class='ocrx_word' id='word_1_147' title='bbox 741 896 828 948; x_wconf 87' lang='lat' dir='ltr'>filiust</span> <span class='ocrx_word' id='word_1_148' title='bbox 808 915 828 948; x_wconf 86' lang='lat' dir='ltr'>et</span> <span class='ocrx_word' id='word_1_149' title='bbox 839 911 870 948; x_wconf 84' lang='lat' dir='ltr'>cni</span> 
     </span>
     <span class='ocr_line' id='line_1_16' title="bbox 113 963 919 1012; baseline -0.002 -6"><span class='ocrx_word' id='word_1_150' title='bbox 113 969 198 1006; x_wconf 82' lang='lat' dir='ltr'>voluerit</span> <span class='ocrx_word' id='word_1_151' title='bbox 213 968 264 1006; x_wconf 84' lang='lat' dir='ltr'>filius</span> <span class='ocrx_word' id='word_1_152' title='bbox 280 967 375 1006; x_wconf 83' lang='lat' dir='ltr'>rcrelare.</span> <span class='ocrx_word' id='word_1_153' title='bbox 398 970 424 1004; x_wconf 80' lang='grc'>28</span> <span class='ocrx_word' id='word_1_154' title='bbox 447 966 518 1005; x_wconf 86' lang='lat' dir='ltr'>Venite</span> <span class='ocrx_word' id='word_1_155' title='bbox 534 967 559 1004; x_wconf 88' lang='lat' dir='ltr'>ad</span> <span class='ocrx_word' id='word_1_156' title='bbox 578 978 608 1004; x_wconf 87' lang='grc'>1111</span> <span class='ocrx_word' id='word_1_157' title='bbox 632 977 698 1005; x_wconf 88' lang='lat' dir='ltr'>omnes</span> <span class='ocrx_word' id='word_1_158' title='bbox 721 967 755 1012; x_wconf 91' lang='lat' dir='ltr'>qui</span> <span class='ocrx_word' id='word_1_159' title='bbox 777 966 872 1005; x_wconf 88' lang='lat' dir='ltr'>laboratis</span> <span class='ocrx_word' id='word_1_160' title='bbox 916 963 919 968; x_wconf 80' lang='grc'><strong>’</strong></span> 
     </span>
     <span class='ocr_line' id='line_1_17' title="bbox 114 1021 870 1072; baseline -0.003 -10"><span class='ocrx_word' id='word_1_161' title='bbox 114 1029 133 1062; x_wconf 91' lang='grc'>11</span> <span class='ocrx_word' id='word_1_162' title='bbox 149 1024 224 1062; x_wconf 88' lang='lat' dir='ltr'>onerati</span> <span class='ocrx_word' id='word_1_163' title='bbox 240 1024 293 1072; x_wconf 76' lang='lat' dir='ltr'>estis,</span> <span class='ocrx_word' id='word_1_164' title='bbox 316 1028 336 1061; x_wconf 89' lang='lat' dir='ltr'>et</span> <span class='ocrx_word' id='word_1_165' title='bbox 352 1036 386 1069; x_wconf 81' lang='lat' dir='ltr'>ego</span> <span class='ocrx_word' id='word_1_166' title='bbox 401 1035 435 1060; x_wconf 90' lang='lat' dir='ltr'>vos</span> <span class='ocrx_word' id='word_1_167' title='bbox 458 1022 548 1061; x_wconf 88' lang='lat' dir='ltr'>reficiam.</span> <span class='ocrx_word' id='word_1_168' title='bbox 573 1026 598 1060; x_wconf 80' lang='grc'>29</span> <span class='ocrx_word' id='word_1_169' title='bbox 623 1021 695 1060; x_wconf 77' lang='lat' dir='ltr'>Tollite</span> <span class='ocrx_word' id='word_1_170' title='bbox 717 1024 784 1070; x_wconf 81' lang='lat' dir='ltr'>iugum</span> <span class='ocrx_word' id='word_1_171' title='bbox 805 1036 870 1060; x_wconf 88' lang='lat' dir='ltr'>meum</span> 
     </span>
     <span class='ocr_line' id='line_1_18' title="bbox 113 1079 871 1127; baseline -0.001 -9"><span class='ocrx_word' id='word_1_172' title='bbox 113 1094 172 1127; x_wconf 88' lang='lat' dir='ltr'>super</span> <span class='ocrx_word' id='word_1_173' title='bbox 186 1094 227 1127; x_wconf 79' lang='lat' dir='ltr'>uos,</span> <span class='ocrx_word' id='word_1_174' title='bbox 251 1086 272 1118; x_wconf 88' lang='lat' dir='ltr'>et</span> <span class='ocrx_word' id='word_1_175' title='bbox 287 1079 356 1117; x_wconf 90' lang='lat' dir='ltr'>discite</span> <span class='ocrx_word' id='word_1_176' title='bbox 372 1093 383 1116; x_wconf 82' lang='lat' dir='ltr'>a</span> <span class='ocrx_word' id='word_1_177' title='bbox 398 1092 428 1117; x_wconf 89' lang='lat' dir='ltr'>me</span> <span class='ocrx_word' id='word_1_178' title='bbox 444 1080 490 1125; x_wconf 83' lang='lat' dir='ltr'>quia</span> <span class='ocrx_word' id='word_1_179' title='bbox 504 1079 558 1117; x_wconf 88' lang='lat' dir='ltr'>mitis</span> <span class='ocrx_word' id='word_1_180' title='bbox 574 1092 617 1117; x_wconf 88' lang='lat' dir='ltr'>sum</span> <span class='ocrx_word' id='word_1_181' title='bbox 633 1085 653 1117; x_wconf 89' lang='lat' dir='ltr'>et</span> <span class='ocrx_word' id='word_1_182' title='bbox 666 1080 746 1117; x_wconf 89' lang='lat' dir='ltr'>humilis</span> <span class='ocrx_word' id='word_1_183' title='bbox 762 1080 828 1126; x_wconf 69' lang='lat' dir='ltr'>corde7</span> <span class='ocrx_word' id='word_1_184' title='bbox 850 1085 871 1117; x_wconf 90' lang='lat' dir='ltr'>et</span> 
     </span>
     <span class='ocr_line' id='line_1_19' title="bbox 112 1135 870 1183; baseline -0.001 -8"><span class='ocrx_word' id='word_1_185' title='bbox 112 1138 216 1176; x_wconf 82' lang='lat' dir='ltr'>invenietis</span> <span class='ocrx_word' id='word_1_186' title='bbox 232 1137 321 1183; x_wconf 77' lang='lat' dir='ltr'>requiem</span> <span class='ocrx_word' id='word_1_187' title='bbox 336 1135 437 1174; x_wconf 81' lang='lat' dir='ltr'>animabus</span> <span class='ocrx_word' id='word_1_188' title='bbox 451 1138 530 1176; x_wconf 85' lang='lat' dir='ltr'>restris.</span> <span class='ocrx_word' id='word_1_189' title='bbox 554 1140 579 1175; x_wconf 87' lang='grc'>30</span> <span class='ocrx_word' id='word_1_190' title='bbox 600 1135 670 1183; x_wconf 85' lang='lat' dir='ltr'>Iugum</span> <span class='ocrx_word' id='word_1_191' title='bbox 680 1137 730 1175; x_wconf 87' lang='lat' dir='ltr'>euim</span> <span class='ocrx_word' id='word_1_192' title='bbox 738 1149 803 1175; x_wconf 86' lang='lat' dir='ltr'>meum</span> <span class='ocrx_word' id='word_1_193' title='bbox 810 1149 870 1175; x_wconf 80' lang='lat' dir='ltr'>suave</span> 
     </span>
     <span class='ocr_line' id='line_1_20' title="bbox 113 1192 453 1244; baseline -0.006 -12"><span class='ocrx_word' id='word_1_194' title='bbox 113 1200 149 1244; x_wconf 83' lang='grc'>111,</span> <span class='ocrx_word' id='word_1_195' title='bbox 166 1192 453 1233; x_wconf 72' lang='grc'>11111111111111111111111111</span> 
     </span>
    </p>

    <p class='ocr_par' dir='ltr' id='par_1_3' title="bbox 108 1246 871 2782">
     <span class='ocr_line' id='line_1_21' title="bbox 169 1246 868 1297; baseline -0.006 -5"><span class='ocrx_word' id='word_1_196' title='bbox 169 1246 450 1295; x_wconf 76' lang='grc'>111111111111111111111</span> <span class='ocrx_word' id='word_1_197' title='bbox 471 1248 521 1287; x_wconf 89' lang='lat' dir='ltr'>abiit</span> <span class='ocrx_word' id='word_1_198' title='bbox 536 1248 592 1288; x_wconf 83' lang='lat' dir='ltr'>Iesus</span> <span class='ocrx_word' id='word_1_199' title='bbox 614 1263 649 1295; x_wconf 88' lang='lat' dir='ltr'>per</span> <span class='ocrx_word' id='word_1_200' title='bbox 672 1256 757 1297; x_wconf 82' lang='lat' dir='ltr'>segetem</span> <span class='ocrx_word' id='word_1_201' title='bbox 772 1249 868 1288; x_wconf 81' lang='lat' dir='ltr'>sabbatis.</span> 
     </span>
     <span class='ocr_line' id='line_1_22' title="bbox 113 1305 871 1353; baseline 0 -9"><span class='ocrx_word' id='word_1_202' title='bbox 113 1307 203 1353; x_wconf 88' lang='lat' dir='ltr'>discipuli</span> <span class='ocrx_word' id='word_1_203' title='bbox 219 1313 284 1345; x_wconf 89' lang='lat' dir='ltr'>antem</span> <span class='ocrx_word' id='word_1_204' title='bbox 300 1307 342 1344; x_wconf 87' lang='lat' dir='ltr'>eins</span> <span class='ocrx_word' id='word_1_205' title='bbox 358 1307 468 1344; x_wconf 83' lang='lat' dir='ltr'>esurientes</span> <span class='ocrx_word' id='word_1_206' title='bbox 488 1305 588 1345; x_wconf 75' lang='lat' dir='ltr'>vellebant</span> <span class='ocrx_word' id='word_1_207' title='bbox 611 1307 674 1352; x_wconf 90' lang='lat' dir='ltr'>spicas</span> <span class='ocrx_word' id='word_1_208' title='bbox 698 1313 718 1344; x_wconf 89' lang='lat' dir='ltr'>et</span> <span class='ocrx_word' id='word_1_209' title='bbox 740 1306 871 1345; x_wconf 84' lang='lat' dir='ltr'>confricantes</span> 
     </span>
     <span class='ocr_line' id='line_1_23' title="bbox 112 1362 868 1402; baseline -0.001 0"><span class='ocrx_word' id='word_1_210' title='bbox 112 1377 144 1402; x_wconf 89' lang='lat' dir='ltr'>eas</span> <span class='ocrx_word' id='word_1_211' title='bbox 152 1364 241 1402; x_wconf 87' lang='lat' dir='ltr'>manibus</span> <span class='ocrx_word' id='word_1_212' title='bbox 252 1364 293 1402; x_wconf 88' lang='lat' dir='ltr'>suis</span> <span class='ocrx_word' id='word_1_213' title='bbox 303 1362 451 1401; x_wconf 80' lang='lat' dir='ltr'>manducabant.</span> <span class='ocrx_word' id='word_1_214' title='bbox 469 1368 480 1400; x_wconf 85' lang='lat'>2</span> <span class='ocrx_word' id='word_1_215' title='bbox 494 1362 592 1402; x_wconf 85' lang='lat' dir='ltr'>Pharisaei</span> <span class='ocrx_word' id='word_1_216' title='bbox 604 1369 669 1401; x_wconf 86' lang='lat' dir='ltr'>autem</span> <span class='ocrx_word' id='word_1_217' title='bbox 676 1363 766 1401; x_wconf 86' lang='lat' dir='ltr'>ridentes</span> <span class='ocrx_word' id='word_1_218' title='bbox 775 1363 868 1401; x_wconf 87' lang='lat' dir='ltr'>dixerunt-</span> 
     </span>
     <span class='ocr_line' id='line_1_24' title="bbox 113 1419 871 1468; baseline 0 -9"><span class='ocrx_word' id='word_1_219' title='bbox 113 1422 130 1459; x_wconf 91' lang='lat' dir='ltr'>ei</span> <span class='ocrx_word' id='word_1_220' title='bbox 145 1420 196 1459; x_wconf 81' lang='lat' dir='ltr'>Ecce</span> <span class='ocrx_word' id='word_1_221' title='bbox 213 1420 304 1468; x_wconf 88' lang='lat' dir='ltr'>discipuli</span> <span class='ocrx_word' id='word_1_222' title='bbox 319 1421 349 1458; x_wconf 89' lang='lat' dir='ltr'>tui</span> <span class='ocrx_word' id='word_1_223' title='bbox 365 1419 412 1466; x_wconf 91' lang='lat' dir='ltr'>quid</span> <span class='ocrx_word' id='word_1_224' title='bbox 427 1420 502 1458; x_wconf 88' lang='lat' dir='ltr'>faciunt</span> <span class='ocrx_word' id='word_1_225' title='bbox 517 1419 569 1465; x_wconf 91' lang='lat' dir='ltr'>quod</span> <span class='ocrx_word' id='word_1_226' title='bbox 588 1432 627 1458; x_wconf 92' lang='lat' dir='ltr'>non</span> <span class='ocrx_word' id='word_1_227' title='bbox 642 1419 689 1458; x_wconf 85' lang='lat' dir='ltr'>lieet</span> <span class='ocrx_word' id='word_1_228' title='bbox 704 1421 732 1458; x_wconf 87' lang='lat' dir='ltr'>eis</span> <span class='ocrx_word' id='word_1_229' title='bbox 748 1420 812 1458; x_wconf 78' lang='lat' dir='ltr'>faeere</span> <span class='ocrx_word' id='word_1_230' title='bbox 827 1419 871 1459; x_wconf 85' lang='lat' dir='ltr'>sab-</span> 
     </span>
     <span class='ocr_line' id='line_1_25' title="bbox 112 1475 868 1526; baseline -0.001 -10"><span class='ocrx_word' id='word_1_231' title='bbox 112 1477 171 1516; x_wconf 82' lang='lat' dir='ltr'>batis.</span> <span class='ocrx_word' id='word_1_232' title='bbox 195 1482 205 1515; x_wconf 84' lang='lat'><strong>3</strong></span> <span class='ocrx_word' id='word_1_233' title='bbox 229 1476 260 1515; x_wconf 72' lang='lat' dir='ltr'>At</span> <span class='ocrx_word' id='word_1_234' title='bbox 273 1477 316 1524; x_wconf 89' lang='lat' dir='ltr'>ipse</span> <span class='ocrx_word' id='word_1_235' title='bbox 332 1477 383 1515; x_wconf 80' lang='lat' dir='ltr'>dixit</span> <span class='ocrx_word' id='word_1_236' title='bbox 398 1477 426 1514; x_wconf 89' lang='lat' dir='ltr'>eis</span> <span class='ocrx_word' id='word_1_237' title='bbox 441 1476 486 1515; x_wconf 87' lang='lat' dir='ltr'>Non</span> <span class='ocrx_word' id='word_1_238' title='bbox 508 1476 583 1523; x_wconf 82' lang='lat' dir='ltr'>legistis</span> <span class='ocrx_word' id='word_1_239' title='bbox 599 1477 645 1523; x_wconf 87' lang='lat' dir='ltr'>quid</span> <span class='ocrx_word' id='word_1_240' title='bbox 668 1475 802 1526; x_wconf 64' lang='lat' dir='ltr'>terrebaris,</span> <span class='ocrx_word' id='word_1_241' title='bbox 826 1490 868 1515; x_wconf 85' lang='grc'>111111</span> 
     </span>
     <span class='ocr_line' id='line_1_26' title="bbox 113 1533 869 1583; baseline 0 -11"><span class='ocrx_word' id='word_1_242' title='bbox 113 1535 202 1583; x_wconf 79' lang='lat' dir='ltr'>esuriret,</span> <span class='ocrx_word' id='word_1_243' title='bbox 219 1535 261 1581; x_wconf 90' lang='lat' dir='ltr'>ipse</span> <span class='ocrx_word' id='word_1_244' title='bbox 277 1540 297 1572; x_wconf 88' lang='lat' dir='ltr'>et</span> <span class='ocrx_word' id='word_1_245' title='bbox 312 1534 345 1581; x_wconf 88' lang='lat' dir='ltr'>qui</span> <span class='ocrx_word' id='word_1_246' title='bbox 360 1546 404 1571; x_wconf 87' lang='lat' dir='ltr'>cum</span> <span class='ocrx_word' id='word_1_247' title='bbox 418 1533 452 1571; x_wconf 91' lang='lat' dir='ltr'>illo</span> <span class='ocrx_word' id='word_1_248' title='bbox 468 1535 537 1572; x_wconf 66' lang='lat' dir='ltr'>erant?</span> <span class='ocrx_word' id='word_1_249' title='bbox 559 1535 571 1571; x_wconf 75' lang='lat' dir='ltr'>t</span> <span class='ocrx_word' id='word_1_250' title='bbox 587 1534 683 1580; x_wconf 86' lang='lat' dir='ltr'>quomodo</span> <span class='ocrx_word' id='word_1_251' title='bbox 704 1534 787 1573; x_wconf 83' lang='lat' dir='ltr'>intrarit</span> <span class='ocrx_word' id='word_1_252' title='bbox 801 1535 821 1572; x_wconf 90' lang='lat' dir='ltr'>in</span> <span class='ocrx_word' id='word_1_253' title='bbox 837 1535 869 1572; x_wconf 84' lang='lat' dir='ltr'>do-</span> 
     </span>
     <span class='ocr_line' id='line_1_27' title="bbox 113 1590 869 1642; baseline 0 -13"><span class='ocrx_word' id='word_1_254' title='bbox 113 1605 165 1629; x_wconf 91' lang='lat' dir='ltr'>mum</span> <span class='ocrx_word' id='word_1_255' title='bbox 182 1591 213 1629; x_wconf 91' lang='lat' dir='ltr'>dei</span> <span class='ocrx_word' id='word_1_256' title='bbox 229 1597 248 1629; x_wconf 91' lang='lat' dir='ltr'>et</span> <span class='ocrx_word' id='word_1_257' title='bbox 263 1603 323 1638; x_wconf 89' lang='lat' dir='ltr'>panes</span> <span class='ocrx_word' id='word_1_258' title='bbox 339 1590 479 1637; x_wconf 82' lang='lat' dir='ltr'>propositionis</span> <span class='ocrx_word' id='word_1_259' title='bbox 494 1590 624 1642; x_wconf 76' lang='lat' dir='ltr'>manducavit,</span> <span class='ocrx_word' id='word_1_260' title='bbox 646 1602 693 1638; x_wconf 87' lang='lat' dir='ltr'>quos</span> <span class='ocrx_word' id='word_1_261' title='bbox 709 1603 747 1629; x_wconf 90' lang='lat' dir='ltr'>non</span> <span class='ocrx_word' id='word_1_262' title='bbox 762 1591 834 1629; x_wconf 87' lang='lat' dir='ltr'>licebat</span> <span class='ocrx_word' id='word_1_263' title='bbox 851 1593 869 1630; x_wconf 94' lang='lat' dir='ltr'>ei</span> 
     </span>
     <span class='ocr_line' id='line_1_28' title="bbox 112 1647 869 1696; baseline 0 -10"><span class='ocrx_word' id='word_1_264' title='bbox 112 1648 229 1686; x_wconf 85' lang='lat' dir='ltr'>manducare</span> <span class='ocrx_word' id='word_1_265' title='bbox 244 1660 307 1693; x_wconf 90' lang='lat' dir='ltr'>neque</span> <span class='ocrx_word' id='word_1_266' title='bbox 321 1648 353 1685; x_wconf 86' lang='lat' dir='ltr'>his</span> <span class='ocrx_word' id='word_1_267' title='bbox 369 1647 402 1693; x_wconf 87' lang='lat' dir='ltr'>qni</span> <span class='ocrx_word' id='word_1_268' title='bbox 418 1661 461 1685; x_wconf 87' lang='lat' dir='ltr'>cum</span> <span class='ocrx_word' id='word_1_269' title='bbox 476 1647 510 1685; x_wconf 94' lang='lat' dir='ltr'>illo</span> <span class='ocrx_word' id='word_1_270' title='bbox 526 1653 587 1693; x_wconf 87' lang='lat' dir='ltr'>erant,</span> <span class='ocrx_word' id='word_1_271' title='bbox 604 1648 642 1686; x_wconf 90' lang='lat' dir='ltr'>nisi</span> <span class='ocrx_word' id='word_1_272' title='bbox 660 1648 706 1686; x_wconf 88' lang='lat' dir='ltr'>solis</span> <span class='ocrx_word' id='word_1_273' title='bbox 721 1647 869 1696; x_wconf 80' lang='lat' dir='ltr'>sacerdotibus?</span> 
     </span>
     <span class='ocr_line' id='line_1_29' title="bbox 113 1704 867 1753; baseline 0 -10"><span class='ocrx_word' id='word_1_274' title='bbox 113 1710 123 1743; x_wconf 86' lang='lat'>5</span> <span class='ocrx_word' id='word_1_275' title='bbox 141 1705 183 1743; x_wconf 87' lang='lat' dir='ltr'>Aut</span> <span class='ocrx_word' id='word_1_276' title='bbox 198 1718 236 1743; x_wconf 91' lang='lat' dir='ltr'>non</span> <span class='ocrx_word' id='word_1_277' title='bbox 251 1705 326 1751; x_wconf 81' lang='lat' dir='ltr'>legistis</span> <span class='ocrx_word' id='word_1_278' title='bbox 341 1705 362 1742; x_wconf 93' lang='lat' dir='ltr'>in</span> <span class='ocrx_word' id='word_1_279' title='bbox 384 1705 425 1751; x_wconf 83' lang='lat' dir='ltr'>lege</span> <span class='ocrx_word' id='word_1_280' title='bbox 447 1706 493 1750; x_wconf 87' lang='lat' dir='ltr'>quia</span> <span class='ocrx_word' id='word_1_281' title='bbox 508 1704 594 1742; x_wconf 88' lang='lat' dir='ltr'>sabbatis</span> <span class='ocrx_word' id='word_1_282' title='bbox 618 1705 728 1743; x_wconf 85' lang='lat' dir='ltr'>sacerdotes</span> <span class='ocrx_word' id='word_1_283' title='bbox 752 1706 773 1743; x_wconf 90' lang='lat' dir='ltr'>in</span> <span class='ocrx_word' id='word_1_284' title='bbox 794 1705 867 1753; x_wconf 89' lang='lat' dir='ltr'>templo</span> 
     </span>
     <span class='ocr_line' id='line_1_30' title="bbox 111 1761 869 1807; baseline 0 -7"><span class='ocrx_word' id='word_1_285' title='bbox 111 1761 214 1800; x_wconf 86' lang='lat' dir='ltr'>sabbatum</span> <span class='ocrx_word' id='word_1_286' title='bbox 229 1762 303 1800; x_wconf 81' lang='lat' dir='ltr'>violant</span> <span class='ocrx_word' id='word_1_287' title='bbox 318 1767 339 1798; x_wconf 92' lang='lat' dir='ltr'>et</span> <span class='ocrx_word' id='word_1_288' title='bbox 353 1761 395 1799; x_wconf 90' lang='lat' dir='ltr'>sine</span> <span class='ocrx_word' id='word_1_289' title='bbox 411 1762 492 1799; x_wconf 90' lang='lat' dir='ltr'>crimine</span> <span class='ocrx_word' id='word_1_290' title='bbox 503 1764 564 1799; x_wconf 80' lang='lat' dir='ltr'>sunt?</span> <span class='ocrx_word' id='word_1_291' title='bbox 584 1766 595 1799; x_wconf 84' lang='lat' dir='ltr'>t</span> <span class='ocrx_word' id='word_1_292' title='bbox 612 1761 661 1800; x_wconf 85' lang='lat' dir='ltr'>Dico</span> <span class='ocrx_word' id='word_1_293' title='bbox 678 1767 743 1800; x_wconf 85' lang='lat' dir='ltr'>autem</span> <span class='ocrx_word' id='word_1_294' title='bbox 758 1762 813 1801; x_wconf 90' lang='lat' dir='ltr'>vobis</span> <span class='ocrx_word' id='word_1_295' title='bbox 822 1762 869 1807; x_wconf 84' lang='lat' dir='ltr'>quia</span> 
     </span>
     <span class='ocr_line' id='line_1_31' title="bbox 110 1817 868 1864; baseline 0 -8"><span class='ocrx_word' id='word_1_296' title='bbox 110 1819 183 1864; x_wconf 86' lang='lat' dir='ltr'>templo</span> <span class='ocrx_word' id='word_1_297' title='bbox 198 1819 260 1857; x_wconf 88' lang='lat' dir='ltr'>maior</span> <span class='ocrx_word' id='word_1_298' title='bbox 275 1825 306 1856; x_wconf 86' lang='lat' dir='ltr'>est</span> <span class='ocrx_word' id='word_1_299' title='bbox 320 1818 359 1856; x_wconf 88' lang='lat' dir='ltr'>hie.</span> <span class='ocrx_word' id='word_1_300' title='bbox 383 1820 393 1856; x_wconf 84' lang='lat'><strong>7</strong></span> <span class='ocrx_word' id='word_1_301' title='bbox 417 1817 437 1857; x_wconf 81' lang='lat' dir='ltr'>Si</span> <span class='ocrx_word' id='word_1_302' title='bbox 463 1818 514 1856; x_wconf 91' lang='lat' dir='ltr'>enim</span> <span class='ocrx_word' id='word_1_303' title='bbox 537 1819 615 1856; x_wconf 81' lang='lat' dir='ltr'>sciretis</span> <span class='ocrx_word' id='word_1_304' title='bbox 640 1819 687 1864; x_wconf 88' lang='lat' dir='ltr'>qnid</span> <span class='ocrx_word' id='word_1_305' title='bbox 710 1824 741 1857; x_wconf 90' lang='lat' dir='ltr'>est</span> <span class='ocrx_word' id='word_1_306' title='bbox 754 1818 868 1857; x_wconf 84' lang='lat' dir='ltr'>Misericor-</span> 
     </span>
     <span class='ocr_line' id='line_1_32' title="bbox 111 1874 868 1923; baseline 0.001 -10"><span class='ocrx_word' id='word_1_307' title='bbox 111 1875 162 1913; x_wconf 90' lang='lat' dir='ltr'>diam</span> <span class='ocrx_word' id='word_1_308' title='bbox 173 1875 217 1914; x_wconf 88' lang='lat' dir='ltr'>volo</span> <span class='ocrx_word' id='word_1_309' title='bbox 233 1888 290 1921; x_wconf 89' lang='lat' dir='ltr'>quam</span> <span class='ocrx_word' id='word_1_310' title='bbox 306 1874 428 1923; x_wconf 66' lang='lat' dir='ltr'>sacrificium,</span> <span class='ocrx_word' id='word_1_311' title='bbox 452 1887 551 1920; x_wconf 89' lang='lat' dir='ltr'>nunquam</span> <span class='ocrx_word' id='word_1_312' title='bbox 566 1874 732 1913; x_wconf 84' lang='lat' dir='ltr'>condemnassetis</span> <span class='ocrx_word' id='word_1_313' title='bbox 748 1876 868 1916; x_wconf 89' lang='lat' dir='ltr'>innocentes.</span> 
     </span>
     <span class='ocr_line' id='line_1_33' title="bbox 113 1930 867 1971; baseline 0.001 -1"><span class='ocrx_word' id='word_1_314' title='bbox 113 1936 123 1970; x_wconf 85' lang='lat'>8</span> <span class='ocrx_word' id='word_1_315' title='bbox 140 1932 236 1970; x_wconf 83' lang='lat' dir='ltr'>Dominus</span> <span class='ocrx_word' id='word_1_316' title='bbox 252 1931 303 1969; x_wconf 91' lang='lat' dir='ltr'>enim</span> <span class='ocrx_word' id='word_1_317' title='bbox 319 1937 349 1969; x_wconf 90' lang='lat' dir='ltr'>est</span> <span class='ocrx_word' id='word_1_318' title='bbox 364 1930 440 1970; x_wconf 88' lang='lat' dir='ltr'>sabbati</span> <span class='ocrx_word' id='word_1_319' title='bbox 456 1932 507 1969; x_wconf 88' lang='lat' dir='ltr'>filius</span> <span class='ocrx_word' id='word_1_320' title='bbox 522 1931 613 1970; x_wconf 83' lang='lat' dir='ltr'>hominis.</span> <span class='ocrx_word' id='word_1_321' title='bbox 639 1936 649 1970; x_wconf 77' lang='lat' dir='ltr'>b</span> <span class='ocrx_word' id='word_1_322' title='bbox 667 1931 694 1970; x_wconf 78' lang='grc'>111</span> <span class='ocrx_word' id='word_1_323' title='bbox 708 1932 754 1971; x_wconf 87' lang='lat' dir='ltr'>inde</span> <span class='ocrx_word' id='word_1_324' title='bbox 769 1933 867 1971; x_wconf 89' lang='lat' dir='ltr'>transiens</span> 
     </span>
     <span class='ocr_line' id='line_1_34' title="bbox 110 1988 868 2035; baseline 0.003 -9"><span class='ocrx_word' id='word_1_325' title='bbox 110 1988 167 2027; x_wconf 81' lang='lat' dir='ltr'>lesus</span> <span class='ocrx_word' id='word_1_326' title='bbox 182 1989 271 2027; x_wconf 81' lang='lat' dir='ltr'>venitin</span> <span class='ocrx_word' id='word_1_327' title='bbox 287 1989 397 2035; x_wconf 84' lang='lat' dir='ltr'>sinagogam</span> <span class='ocrx_word' id='word_1_328' title='bbox 412 2001 484 2028; x_wconf 77' lang='lat' dir='ltr'>eorum,</span> <span class='ocrx_word' id='word_1_329' title='bbox 511 1992 536 2026; x_wconf 85' lang='grc'>10</span> <span class='ocrx_word' id='word_1_330' title='bbox 559 1988 645 2027; x_wconf 81' lang='grc'>1111111</span> <span class='ocrx_word' id='word_1_331' title='bbox 660 1989 718 2028; x_wconf 88' lang='lat' dir='ltr'>homo</span> <span class='ocrx_word' id='word_1_332' title='bbox 735 1996 778 2028; x_wconf 86' lang='lat' dir='ltr'>erat</span> <span class='ocrx_word' id='word_1_333' title='bbox 790 2003 868 2028; x_wconf 87' lang='lat' dir='ltr'>manum</span> 
     </span>
     <span class='ocr_line' id='line_1_35' title="bbox 111 2044 869 2092; baseline 0.005 -10"><span class='ocrx_word' id='word_1_334' title='bbox 111 2045 184 2084; x_wconf 89' lang='lat' dir='ltr'>habens</span> <span class='ocrx_word' id='word_1_335' title='bbox 200 2045 284 2083; x_wconf 89' lang='lat' dir='ltr'>aridam:</span> <span class='ocrx_word' id='word_1_336' title='bbox 301 2050 321 2083; x_wconf 88' lang='grc'>11</span> <span class='ocrx_word' id='word_1_337' title='bbox 336 2045 506 2092; x_wconf 81' lang='lat' dir='ltr'>interrogaverunt</span> <span class='ocrx_word' id='word_1_338' title='bbox 521 2058 565 2083; x_wconf 88' lang='lat' dir='ltr'>eum</span> <span class='ocrx_word' id='word_1_339' title='bbox 580 2045 667 2084; x_wconf 88' lang='lat' dir='ltr'>dieentes</span> <span class='ocrx_word' id='word_1_340' title='bbox 683 2044 705 2084; x_wconf 83' lang='lat' dir='ltr'>Si</span> <span class='ocrx_word' id='word_1_341' title='bbox 720 2046 767 2085; x_wconf 85' lang='lat' dir='ltr'>licet</span> <span class='ocrx_word' id='word_1_342' title='bbox 782 2046 869 2086; x_wconf 84' lang='lat' dir='ltr'>sabbatis</span> 
     </span>
     <span class='ocr_line' id='line_1_36' title="bbox 111 2101 868 2150; baseline 0.004 -10"><span class='ocrx_word' id='word_1_343' title='bbox 111 2104 194 2140; x_wconf 88' lang='lat' dir='ltr'>curare?</span> <span class='ocrx_word' id='word_1_344' title='bbox 209 2108 232 2141; x_wconf 90' lang='lat' dir='ltr'>ut</span> <span class='ocrx_word' id='word_1_345' title='bbox 247 2107 362 2141; x_wconf 83' lang='lat' dir='ltr'>accusarent</span> <span class='ocrx_word' id='word_1_346' title='bbox 377 2115 427 2142; x_wconf 88' lang='lat' dir='ltr'>eum.</span> <span class='ocrx_word' id='word_1_347' title='bbox 453 2107 476 2141; x_wconf 91' lang='grc'>11</span> <span class='ocrx_word' id='word_1_348' title='bbox 501 2102 546 2149; x_wconf 87' lang='lat' dir='ltr'>Ipse</span> <span class='ocrx_word' id='word_1_349' title='bbox 562 2108 628 2141; x_wconf 85' lang='lat' dir='ltr'>autem</span> <span class='ocrx_word' id='word_1_350' title='bbox 644 2102 694 2141; x_wconf 81' lang='lat' dir='ltr'>dixit</span> <span class='ocrx_word' id='word_1_351' title='bbox 709 2103 748 2142; x_wconf 92' lang='lat' dir='ltr'>illis</span> <span class='ocrx_word' id='word_1_352' title='bbox 765 2101 813 2150; x_wconf 77' lang='lat' dir='ltr'>Quis</span> <span class='ocrx_word' id='word_1_353' title='bbox 829 2105 868 2143; x_wconf 87' lang='lat' dir='ltr'>erit</span> 
     </span>
     <span class='ocr_line' id='line_1_37' title="bbox 111 2158 867 2209; baseline 0.004 -12"><span class='ocrx_word' id='word_1_354' title='bbox 111 2172 135 2197; x_wconf 86' lang='lat' dir='ltr'>ex</span> <span class='ocrx_word' id='word_1_355' title='bbox 150 2159 205 2198; x_wconf 90' lang='lat' dir='ltr'>vobis</span> <span class='ocrx_word' id='word_1_356' title='bbox 224 2160 282 2197; x_wconf 85' lang='lat' dir='ltr'>bomo</span> <span class='ocrx_word' id='word_1_357' title='bbox 304 2158 365 2197; x_wconf 91' lang='lat' dir='ltr'>habet</span> <span class='ocrx_word' id='word_1_358' title='bbox 387 2172 442 2198; x_wconf 89' lang='lat' dir='ltr'>ovem</span> <span class='ocrx_word' id='word_1_359' title='bbox 464 2173 528 2209; x_wconf 82' lang='lat' dir='ltr'>unam,</span> <span class='ocrx_word' id='word_1_360' title='bbox 555 2165 575 2198; x_wconf 92' lang='lat' dir='ltr'>et</span> <span class='ocrx_word' id='word_1_361' title='bbox 597 2160 614 2198; x_wconf 92' lang='lat' dir='ltr'>si</span> <span class='ocrx_word' id='word_1_362' title='bbox 636 2160 730 2199; x_wconf 90' lang='lat' dir='ltr'>ceciderit</span> <span class='ocrx_word' id='word_1_363' title='bbox 750 2162 768 2199; x_wconf 92' lang='lat' dir='ltr'>in</span> <span class='ocrx_word' id='word_1_364' title='bbox 790 2162 867 2200; x_wconf 81' lang='lat' dir='ltr'>foueam</span> 
     </span>
     <span class='ocr_line' id='line_1_38' title="bbox 110 2216 869 2266; baseline 0.004 -12"><span class='ocrx_word' id='word_1_365' title='bbox 110 2216 196 2255; x_wconf 85' lang='lat' dir='ltr'>sabbatis</span> <span class='ocrx_word' id='word_1_366' title='bbox 220 2229 283 2254; x_wconf 85' lang='lat' dir='ltr'>nonne</span> <span class='ocrx_word' id='word_1_367' title='bbox 304 2216 380 2255; x_wconf 86' lang='lat' dir='ltr'>tenebit</span> <span class='ocrx_word' id='word_1_368' title='bbox 407 2223 428 2254; x_wconf 91' lang='lat' dir='ltr'>et</span> <span class='ocrx_word' id='word_1_369' title='bbox 454 2216 528 2256; x_wconf 88' lang='lat' dir='ltr'>levabit</span> <span class='ocrx_word' id='word_1_370' title='bbox 554 2219 611 2255; x_wconf 82' lang='lat' dir='ltr'>eam?</span> <span class='ocrx_word' id='word_1_371' title='bbox 643 2221 668 2255; x_wconf 89' lang='grc'>12</span> <span class='ocrx_word' id='word_1_372' title='bbox 702 2216 780 2263; x_wconf 78' lang='lat' dir='ltr'>Quanto</span> <span class='ocrx_word' id='word_1_373' title='bbox 806 2219 869 2266; x_wconf 80' lang='lat' dir='ltr'>magis</span> 
     </span>
     <span class='ocr_line' id='line_1_39' title="bbox 110 2273 869 2319; baseline 0.003 -8"><span class='ocrx_word' id='word_1_374' title='bbox 110 2274 179 2312; x_wconf 88' lang='lat' dir='ltr'>melior</span> <span class='ocrx_word' id='word_1_375' title='bbox 202 2278 232 2311; x_wconf 89' lang='lat' dir='ltr'>est</span> <span class='ocrx_word' id='word_1_376' title='bbox 254 2274 311 2312; x_wconf 89' lang='lat' dir='ltr'>homo</span> <span class='ocrx_word' id='word_1_377' title='bbox 336 2285 380 2312; x_wconf 79' lang='lat' dir='ltr'>ore:</span> <span class='ocrx_word' id='word_1_378' title='bbox 411 2274 477 2319; x_wconf 89' lang='lat' dir='ltr'>itaque</span> <span class='ocrx_word' id='word_1_379' title='bbox 500 2273 586 2313; x_wconf 88' lang='lat' dir='ltr'>sabbatis</span> <span class='ocrx_word' id='word_1_380' title='bbox 609 2274 657 2313; x_wconf 90' lang='lat' dir='ltr'>licet</span> <span class='ocrx_word' id='word_1_381' title='bbox 675 2274 724 2313; x_wconf 90' lang='lat' dir='ltr'>bene</span> <span class='ocrx_word' id='word_1_382' title='bbox 746 2276 810 2313; x_wconf 83' lang='lat' dir='ltr'>faeere</span> <span class='ocrx_word' id='word_1_383' title='bbox 833 2281 869 2314; x_wconf 90' lang='lat' dir='ltr'>aut</span> 
     </span>
     <span class='ocr_line' id='line_1_40' title="bbox 110 2329 868 2372; baseline 0.004 -5"><span class='ocrx_word' id='word_1_384' title='bbox 110 2333 198 2368; x_wconf 83' lang='lat' dir='ltr'>non?]</span> <span class='ocrx_word' id='word_1_385' title='bbox 204 2329 293 2368; x_wconf 87' lang='grc' dir='ltr'>3Τ11111</span> <span class='ocrx_word' id='word_1_386' title='bbox 316 2329 344 2367; x_wconf 87' lang='lat' dir='ltr'>ait</span> <span class='ocrx_word' id='word_1_387' title='bbox 364 2330 439 2368; x_wconf 84' lang='lat' dir='ltr'>homini</span> <span class='ocrx_word' id='word_1_388' title='bbox 458 2330 548 2369; x_wconf 81' lang='lat' dir='ltr'>Extende</span> <span class='ocrx_word' id='word_1_389' title='bbox 570 2345 648 2369; x_wconf 89' lang='lat' dir='ltr'>manum</span> <span class='ocrx_word' id='word_1_390' title='bbox 666 2337 728 2372; x_wconf 87' lang='lat' dir='ltr'>tuam</span> <span class='ocrx_word' id='word_1_391' title='bbox 750 2332 777 2370; x_wconf 76' lang='lat' dir='ltr'>Et</span> <span class='ocrx_word' id='word_1_392' title='bbox 770 2337 868 2370; x_wconf 86' lang='lat' dir='ltr'>t-exten</span> 
     </span>
     <span class='ocr_line' id='line_1_41' title="bbox 110 2386 867 2428; baseline 0.005 -4"><span class='ocrx_word' id='word_1_393' title='bbox 110 2386 140 2425; x_wconf 89' lang='lat' dir='ltr'>dit</span> <span class='ocrx_word' id='word_1_394' title='bbox 155 2401 233 2425; x_wconf 87' lang='lat' dir='ltr'>manum</span> <span class='ocrx_word' id='word_1_395' title='bbox 249 2400 303 2425; x_wconf 88' lang='lat' dir='ltr'>snam</span> <span class='ocrx_word' id='word_1_396' title='bbox 319 2394 339 2424; x_wconf 92' lang='lat' dir='ltr'>et</span> <span class='ocrx_word' id='word_1_397' title='bbox 353 2387 448 2425; x_wconf 86' lang='lat' dir='ltr'>restituta</span> <span class='ocrx_word' id='word_1_398' title='bbox 463 2394 493 2426; x_wconf 89' lang='lat' dir='ltr'>est</span> <span class='ocrx_word' id='word_1_399' title='bbox 516 2389 533 2426; x_wconf 91' lang='lat' dir='ltr'>ei</span> <span class='ocrx_word' id='word_1_400' title='bbox 559 2389 609 2427; x_wconf 87' lang='lat' dir='ltr'>sicut</span> <span class='ocrx_word' id='word_1_401' title='bbox 626 2389 726 2427; x_wconf 80' lang='lat' dir='ltr'>alterat</span> <span class='ocrx_word' id='word_1_402' title='bbox 718 2392 743 2426; x_wconf 74' lang='grc'>14</span> <span class='ocrx_word' id='word_1_403' title='bbox 765 2388 867 2428; x_wconf 76' lang='lat' dir='ltr'>Exeuntes</span> 
     </span>
     <span class='ocr_line' id='line_1_42' title="bbox 109 2443 867 2494; baseline 0.004 -13"><span class='ocrx_word' id='word_1_404' title='bbox 109 2450 143 2482; x_wconf 85' lang='lat' dir='ltr'>aut</span> <span class='ocrx_word' id='word_1_405' title='bbox 142 2457 174 2482; x_wconf 89' lang='lat' dir='ltr'>em</span> <span class='ocrx_word' id='word_1_406' title='bbox 191 2443 288 2482; x_wconf 75' lang='lat' dir='ltr'>Pharisaei</span> <span class='ocrx_word' id='word_1_407' title='bbox 304 2444 405 2483; x_wconf 90' lang='lat' dir='ltr'>consilium</span> <span class='ocrx_word' id='word_1_408' title='bbox 421 2445 518 2484; x_wconf 86' lang='lat' dir='ltr'>faciebant</span> <span class='ocrx_word' id='word_1_409' title='bbox 533 2446 626 2483; x_wconf 86' lang='lat' dir='ltr'>adversus</span> <span class='ocrx_word' id='word_1_410' title='bbox 642 2458 695 2494; x_wconf 87' lang='lat' dir='ltr'>eum,</span> <span class='ocrx_word' id='word_1_411' title='bbox 712 2447 807 2491; x_wconf 90' lang='lat' dir='ltr'>quomodo</span> <span class='ocrx_word' id='word_1_412' title='bbox 823 2459 867 2485; x_wconf 88' lang='lat' dir='ltr'>eum</span> 
     </span>
     <span class='ocr_line' id='line_1_43' title="bbox 108 2501 868 2551; baseline 0.004 -13"><span class='ocrx_word' id='word_1_413' title='bbox 108 2501 219 2547; x_wconf 89' lang='lat' dir='ltr'>perderent.</span> <span class='ocrx_word' id='word_1_414' title='bbox 245 2505 268 2539; x_wconf 85' lang='lat'>15</span> <span class='ocrx_word' id='word_1_415' title='bbox 292 2501 349 2539; x_wconf 74' lang='lat' dir='ltr'>lesus</span> <span class='ocrx_word' id='word_1_416' title='bbox 372 2507 437 2540; x_wconf 86' lang='lat' dir='ltr'>autem</span> <span class='ocrx_word' id='word_1_417' title='bbox 452 2503 514 2541; x_wconf 91' lang='lat' dir='ltr'>sciens</span> <span class='ocrx_word' id='word_1_418' title='bbox 531 2503 612 2541; x_wconf 89' lang='lat' dir='ltr'>secessit</span> <span class='ocrx_word' id='word_1_419' title='bbox 627 2502 678 2551; x_wconf 85' lang='lat' dir='ltr'>inde,</span> <span class='ocrx_word' id='word_1_420' title='bbox 701 2508 721 2540; x_wconf 91' lang='grc'>11</span> <span class='ocrx_word' id='word_1_421' title='bbox 736 2503 868 2549; x_wconf 79' lang='lat' dir='ltr'>sequebantur</span> 
     </span>
     <span class='ocr_line' id='line_1_44' title="bbox 108 2558 868 2607; baseline 0.005 -11"><span class='ocrx_word' id='word_1_422' title='bbox 108 2571 153 2596; x_wconf 88' lang='lat' dir='ltr'>eum</span> <span class='ocrx_word' id='word_1_423' title='bbox 168 2558 225 2596; x_wconf 86' lang='lat' dir='ltr'>multi</span> <span class='ocrx_word' id='word_1_424' title='bbox 240 2564 261 2596; x_wconf 93' lang='lat' dir='ltr'>et</span> <span class='ocrx_word' id='word_1_425' title='bbox 275 2559 352 2596; x_wconf 83' lang='lat' dir='ltr'>curavit</span> <span class='ocrx_word' id='word_1_426' title='bbox 367 2572 399 2597; x_wconf 89' lang='lat' dir='ltr'>eos</span> <span class='ocrx_word' id='word_1_427' title='bbox 420 2573 485 2599; x_wconf 90' lang='lat' dir='ltr'>omncs</span> <span class='ocrx_word' id='word_1_428' title='bbox 501 2565 566 2598; x_wconf 82' lang='lat' dir='ltr'>arrtem</span> <span class='ocrx_word' id='word_1_429' title='bbox 589 2572 637 2605; x_wconf 89' lang='lat' dir='ltr'>quos</span> <span class='ocrx_word' id='word_1_430' title='bbox 660 2561 742 2598; x_wconf 86' lang='lat' dir='ltr'>curavit.</span> <span class='ocrx_word' id='word_1_431' title='bbox 767 2564 791 2599; x_wconf 84' lang='lat' dir='ltr'>it</span> <span class='ocrx_word' id='word_1_432' title='bbox 817 2574 868 2607; x_wconf 77' lang='lat' dir='ltr'>prae-</span> 
     </span>
     <span class='ocr_line' id='line_1_45' title="bbox 109 2614 867 2669; baseline 0.007 -17"><span class='ocrx_word' id='word_1_433' title='bbox 109 2615 157 2661; x_wconf 89' lang='lat' dir='ltr'>cipit</span> <span class='ocrx_word' id='word_1_434' title='bbox 172 2616 200 2653; x_wconf 87' lang='grc'>111</span> <span class='ocrx_word' id='word_1_435' title='bbox 216 2628 239 2652; x_wconf 93' lang='lat' dir='ltr'>ne</span> <span class='ocrx_word' id='word_1_436' title='bbox 255 2614 394 2662; x_wconf 80' lang='lat' dir='ltr'>provulgarent</span> <span class='ocrx_word' id='word_1_437' title='bbox 409 2630 463 2669; x_wconf 77' lang='lat' dir='ltr'>eum3</span> <span class='ocrx_word' id='word_1_438' title='bbox 489 2620 513 2655; x_wconf 76' lang='grc'>17</span> <span class='ocrx_word' id='word_1_439' title='bbox 529 2623 553 2654; x_wconf 91' lang='lat' dir='ltr'>ut</span> <span class='ocrx_word' id='word_1_440' title='bbox 570 2616 710 2663; x_wconf 80' lang='lat' dir='ltr'>adimpleretur</span> <span class='ocrx_word' id='word_1_441' title='bbox 725 2617 777 2663; x_wconf 87' lang='lat' dir='ltr'>quod</span> <span class='ocrx_word' id='word_1_442' title='bbox 792 2619 867 2657; x_wconf 86' lang='lat' dir='ltr'>dictum</span> 
     </span>
     <span class='ocr_line' id='line_1_46' title="bbox 109 2671 867 2721; baseline 0.005 -12"><span class='ocrx_word' id='word_1_443' title='bbox 109 2678 139 2710; x_wconf 89' lang='lat' dir='ltr'>est</span> <span class='ocrx_word' id='word_1_444' title='bbox 154 2685 189 2718; x_wconf 90' lang='lat' dir='ltr'>per</span> <span class='ocrx_word' id='word_1_445' title='bbox 203 2671 284 2710; x_wconf 74' lang='lat' dir='ltr'>lisoium</span> <span class='ocrx_word' id='word_1_446' title='bbox 306 2673 422 2719; x_wconf 85' lang='lat' dir='ltr'>prophetam</span> <span class='ocrx_word' id='word_1_447' title='bbox 442 2673 539 2713; x_wconf 88' lang='lat' dir='ltr'>dicentem</span> <span class='ocrx_word' id='word_1_448' title='bbox 564 2677 588 2711; x_wconf 85' lang='grc'>18</span> <span class='ocrx_word' id='word_1_449' title='bbox 606 2673 656 2712; x_wconf 77' lang='lat' dir='ltr'>Ecce</span> <span class='ocrx_word' id='word_1_450' title='bbox 672 2673 724 2713; x_wconf 87' lang='lat' dir='ltr'>iilius</span> <span class='ocrx_word' id='word_1_451' title='bbox 739 2687 793 2714; x_wconf 87' lang='lat' dir='ltr'>meus</span> <span class='ocrx_word' id='word_1_452' title='bbox 809 2688 867 2721; x_wconf 72' lang='lat' dir='ltr'>(quem</span> 
     </span>
     <span class='ocr_line' id='line_1_47' title="bbox 108 2728 866 2782; baseline 0.007 -16"><span class='ocrx_word' id='word_1_453' title='bbox 108 2728 163 2776; x_wconf 81' lang='lat' dir='ltr'>elegi,</span> <span class='ocrx_word' id='word_1_454' title='bbox 180 2728 263 2767; x_wconf 83' lang='lat' dir='ltr'>dilectus</span> <span class='ocrx_word' id='word_1_455' title='bbox 279 2741 334 2768; x_wconf 88' lang='lat' dir='ltr'>meus</span> <span class='ocrx_word' id='word_1_456' title='bbox 349 2731 370 2768; x_wconf 90' lang='lat' dir='ltr'>in</span> <span class='ocrx_word' id='word_1_457' title='bbox 385 2743 423 2776; x_wconf 88' lang='lat' dir='ltr'>quo</span> <span class='ocrx_word' id='word_1_458' title='bbox 438 2730 487 2770; x_wconf 91' lang='lat' dir='ltr'>bene</span> <span class='ocrx_word' id='word_1_459' title='bbox 503 2731 613 2777; x_wconf 85' lang='lat' dir='ltr'>conplacuit</span> <span class='ocrx_word' id='word_1_460' title='bbox 636 2731 705 2769; x_wconf 87' lang='lat' dir='ltr'>animae</span> <span class='ocrx_word' id='word_1_461' title='bbox 721 2745 776 2782; x_wconf 81' lang='lat' dir='ltr'>meae,</span> <span class='ocrx_word' id='word_1_462' title='bbox 796 2744 866 2780; x_wconf 87' lang='lat' dir='ltr'>ponam</span> 
     </span>
    </p>
   </div>
   <div class='ocr_carea' id='block_1_3' title="bbox 0 0 940 2914">
    <p class='ocr_par' dir='ltr' id='par_1_4' title="bbox 0 0 940 2914">
     <span class='ocr_line' id='line_1_48' title="bbox 0 0 940 2914; baseline 0 1"><span class='ocrx_word' id='word_1_463' title='bbox 0 0 940 2914; x_wconf 95' lang='lat' dir='ltr'> </span> 
     </span>
    </p>
   </div>
  </div>
 </body>
</html>
