1869 2914
94 75 134 110 tot
439 67 473 102 Et.
487 78 524 103 sec.
766 91 768 94 Α
793 69 813 104 0.
826 69 857 103 23,

103 194 200 245 {enodem
216 207 259 233 cum
275 194 466 234 essetlerosolimis
482 193 556 232 inillis
572 193 648 233 diebus.
680 199 690 233 ὃ
714 194 804 234 Herodes
824 201 856 235 au-

93 263 132 290 tem
147 258 171 290 ut
185 252 236 290 vidit
251 251 318 290 Iesum
333 253 414 300 gavisus
430 257 461 290 est
475 251 541 289 valde:
565 251 674 289 eratenim
690 265 701 289 a
721 253 788 291 multis
808 258 857 291 tem-

93 309 174 355 poribus
191 310 271 356 cupiens
286 309 354 347 videre
370 323 420 359 eum,
436 308 488 356 quod
503 308 586 346 auderat
600 308 662 346 multa
678 308 701 347 de
717 322 746 358 eo,
763 316 783 348 et
791 323 855 356 spera·

93 366 128 404 hat
142 367 218 412 signum
234 366 277 403 fieri
292 366 316 403 ab
332 378 353 403 eo
370 366 422 412 quod
437 365 520 403 videret.
553 369 563 402 9
586 363 726 411 Interrogabat
748 379 795 405 vero
811 381 856 405 eum

93 422 215 462 sermonibus
226 423 303 472 mult-is3
319 422 362 469 ipse
376 429 423 460 ve'ro
434 422 495 459 nichil
510 421 529 458 ei
544 421 645 467 respondit
661 422 717 466 etuasi
727 423 856 462 nonaudiens

95 483 120 517 10
138 479 221 517 Stabant
236 479 296 525 igitur
312 479 423 517 sacerdotes
439 484 459 516 et
474 477 544 516 scribae
559 478 657 516 instanter
672 483 785 517 accusantes
803 493 856 518 eum„

96 540 119 573 11
138 535 187 574 (lum
205 536 313 581 sprevisset
328 541 393 573 autem
408 535 464 573 illum
479 534 570 572 Herodes
585 545 629 572 cum
644 535 763 573 exercitibus
779 536 819 574 suis
835 542 856 574 et
916 566 918 569 >

94 593 159 630 irrisit
174 600 194 629 et
208 592 291 629 vestivit
305 591 360 630 illum
375 597 450 629 vestem
466 590 588 637 splendidam
610 596 631 628 et
645 591 700 629 misit
721 591 744 628 ad
759 592 854 631 Pilatum.

96 652 121 685 12
145 647 192 686 Cum
217 656 282 686 essent
301 654 366 686 autem
381 649 402 685 iu
418 647 558 685 dissensionem
573 646 651 685 Pilatus
667 653 687 685 et
701 647 792 687 Herodes
807 649 856 687 facti

94 710 141 742 sunt
155 705 213 742 amici
235 704 255 742 in
277 704 311 742 illa
333 705 375 742 die:
399 718 442 742 nam
466 709 524 741 antea
545 703 621 742 inimici
643 709 699 741 erant
718 704 743 742 ad
764 705 856 744 invicem.

96 766 119 799 13
136 761 213 799 Pilatus
230 767 296 799 autem
311 762 423 799 convocatis
438 760 560 806 principibus
577 766 597 797 et
611 760 746 799 sacerdotibus
763 766 782 799 et
796 763 856 800 maio·

94 817 148 856 ribus
170 823 190 855 et
205 817 257 855 omui
278 818 349 864 populo
382 820 406 855 14
434 816 485 854 dixit
504 816 529 853 ad
544 829 577 854 eos
593 814 700 855 Obtulistis
722 818 772 855 mihi
794 818 857 856 homi-

93 887 138 911 nem
159 874 220 911 istum
243 875 299 918 (luasi
324 879 445 912 avertentem
468 872 558 919 populos
588 878 609 909 ct
632 885 676 910 eece
702 886 737 920 ege
765 875 785 911 in
811 888 858 912 con-

94 936 164 976 spectu
180 936 245 967 vestro
260 929 320 967 nichil
344 942 408 967 causae
430 929 508 966 invenio
531 928 551 965 in
573 928 652 965 homine
674 929 713 966 isto
737 942 761 967 ex
784 930 857 975 quibus·

94 986 192 1024 accusatis
208 999 258 1023 cum.
291 989 315 1023 15
339 985 380 1023 Sed
402 997 465 1030 neque
488 984 589 1022 Herodes:
614 984 680 1022 dimisi
700 986 750 1023 enim
771 997 807 1024 vos
830 988 856 1024 ad

93 1041 154 1093 illum,
171 1048 192 1079 et
207 1055 250 1079 ecce
266 1041 327 1079 nichil
341 1046 405 1079 morte
421 1041 500 1087 dignum
515 1040 625 1078 invenimus
640 1041 661 1078 in
675 1040 715 1079 illo.
743 1046 768 1080 lt
784 1041 854 1080 Emen-

95 1099 161 1136 datum
177 1111 222 1144 ergo
238 1111 281 1136 eum
298 1098 402 1137 dimittam.
435 1098 460 1135 17
476 1097 562 1135 Necesse
578 1102 642 1134 aut-em
658 1096 743 1136 habebat
754 1099 857 1137 dimittere·

95 1155 123 1193 eis
131 1167 166 1201 per
175 1154 227 1192 diem
238 1154 311 1193 festum
322 1168 383 1192 unum
393 1155 486 1193 vinctum.
504 1155 529 1191 18
540 1153 706 1191 Exclamaveruut
716 1160 782 1192 autem
792 1156 855 1193 omnis

93 1211 177 1259 populus
186 1211 273 1250 dicentes
282 1210 337 1250 Tolle
347 1212 414 1260 istum,
425 1210 502 1249 dimitte
513 1215 577 1248 autent
588 1210 644 1249 nobis
652 1209 769 1263 Barahbam
787 1216 811 1250 19
821 1212 856 1260 qui

94 1275 136 1307 erat
151 1275 232 1316 propter
247 1269 365 1307 sedicionem
381 1268 477 1315 quandam
493 1268 513 1305 in
530 1267 609 1305 civitate
619 1267 692 1305 factam
700 1274 719 1306 et
727 1268 856 1308 homicidium

59 1351 61 1353 -
94 1327 165 1365 missus
181 1326 200 1364 in
217 1338 320 1365 carcerem.
357 1326 435 1364 lterum
457 1339 504 1364 vero
519 1324 597 1363 Pilatus
619 1324 696 1363 locutus
712 1331 743 1364 est
763 1326 786 1364 ad
809 1326 853 1366 illos
895 1359 897 1362 .

94 1384 161 1421 volens
185 1384 284 1421 dimittere
307 1382 380 1421 lesum.
411 1386 436 1420 21
467 1382 501 1420 llli
522 1388 587 1420 autem
609 1381 743 1421 clamaverunt
765 1383 854 1430 dicentes

95 1438 197 1489 drucifige,
213 1440 303 1487 crucifige
319 1453 369 1478 eum.
400 1444 426 1477 22
449 1438 486 1477 1111
506 1444 572 1476 autem
587 1443 608 1476 et
622 1438 683 1477 tercio
707 1439 758 1478 dixit
780 1440 804 1478 ad
820 1454 853 1479 eos

97 1495 150 1542 Quid
165 1498 216 1534 enim
231 1497 277 1534 mali
292 1497 340 1535 fecit
355 1497 400 1534 hic?
415 1496 476 1534 nichil
498 1496 576 1534 invenio
597 1501 660 1533 morte
676 1496 754 1543 dignum
777 1497 797 1534 in
820 1510 855 1538 eo:

96 1553 219 1592 emendatum
235 1554 301 1600 itaque
317 1567 361 1592 euru
377 1553 480 1591 dimittam.
511 1556 536 1589 23
560 1551 594 1590 Illi
609 1558 674 1590 autem
690 1553 799 1593 clamabant
820 1567 855 1594 vo-

96 1611 150 1650 cibus
166 1611 241 1658 magnis
256 1610 378 1658 postulantes
394 1623 446 1649 eum:
463 1609 553 1656 crucifige
568 1608 623 1647 illum
638 1609 710 1657 etipse
720 1611 855 1657 praevalebant

95 1681 152 1707 voces
182 1668 259 1706 illorum
290 1673 310 1705 11
339 1667 469 1709 sacerdotum.
507 1669 533 1704 24
562 1665 662 1705 iudicavit
687 1668 754 1714 itaque
775 1667 855 1707 Pilatus

94 1726 136 1764 fieri
158 1725 263 1763 secundum
284 1724 439 1771 postulacionem
459 1724 548 1763 illerum:
580 1728 605 1761 25
630 1723 705 1763 dimisit
725 1732 791 1764 autem
813 1726 856 1764 illis:

95 1795 138 1820 eum
154 1782 187 1829 qui
202 1788 284 1828 propter
298 1781 425 1819 homicidium
441 1786 461 1818 11
476 1780 593 1818 sedicionem
609 1781 680 1818 missus
703 1787 747 1819 erat
769 1783 789 1820 in
812 1797 851 1821 car-

95 1852 164 1888 cerem,
188 1851 245 1884 quem
265 1837 364 1887 petebant,
386 1837 452 1876 Iesum
468 1842 533 1875 autem
556 1836 639 1874 tradidit
658 1838 756 1876 voluntati
778 1852 852 1877 eorum.

95 1900 121 1933 26
138 1895 272 1941 Snsceperunt
287 1907 331 1940 ergo
347 1894 414 1931 Iesum
439 1899 459 1931 et
475 1899 555 1939 portans
578 1906 655 1931 crucem
678 1907 733 1932 sunm
755 1895 857 1939 ducebant>

94 1951 155 2000 illum.
179 1951 208 1989 Et
222 1951 394 1997 apprehenderunt
409 1949 507 1988 Simonem
526 1949 628 1996 quemdam
644 1948 760 1995 Gyrenaeum
774 1953 853 1990 venien-

95 2014 134 2046 tem
151 2009 174 2045 de
190 2007 244 2057 villa,
267 2013 287 2045 et
302 2007 438 2054 imposuerunt
457 2007 475 2044 ei
499 2018 575 2044 crucem
597 2012 620 2044 ut
641 2006 702 2046 ferret
723 2014 768 2054 post
789 2008 855 2049 illum..

95 2068 122 2103 21
138 2064 262 2110 Sequebatur
277 2069 342 2102 autem
358 2063 412 2101 illum
427 2062 534 2101 multitudo
549 2062 616 2109 populi
639 2070 659 2101 et
673 2064 766 2104 mulieres
785 2070 805 2103 et
826 2066 853 2103 la-

94 2121 232 2160 mentabantur
247 2125 267 2159 et
282 2120 399 2168 plangebant
414 2134 464 2158 eum.
496 2123 522 2157 28
540 2119 649 2158 0011111111
672 2128 738 2160 autem
761 2122 785 2160 ad
807 2122 855 2160 illas

94 2178 150 2217 Iesus
176 2178 228 2216 dixit
249 2178 309 2216 Piliae
334 2177 442 2215 Ierusalem
470 2176 531 2215 nolite
557 2190 616 2223 super
633 2187 673 2215 'me
705 2178 789 2225 plorare,
817 2179 854 2217 sed

93 2247 202 2282 supervos
217 2234 293 2281 plorate
309 2239 330 2272 et
345 2247 404 2280 super
418 2232 468 2271 filios
483 2238 570 2271 vestros:
602 2238 627 2272 29
652 2235 743 2281 quoniam
758 2248 802 2273 eece
817 2249 850 2274 ve-

93 2290 594 2337 11111111θεί1(11111111(1111111Βο111111111111,
618 2296 638 2328 et
652 2296 731 2329 ventres
755 2292 789 2338 qui
813 2306 853 2330 non

93 2355 209 2397 genuerunt,
225 2354 246 2385 et
260 2347 351 2385 mamillae
363 2359 406 2392 quaa
422 2360 460 2384 non
473 2347 627 2384 nutricaverunt.
645 2351 670 2386 30
687 2349 742 2386 Tunc
756 2349 853 2395 incipient

94 2405 158 2443 dicere
169 2404 269 2443 mentibus
278 2402 347 2442 (ladite
363 2416 477 2452 supernos,
493 2409 514 2440 et
529 2402 610 2441 collibus
625 2404 686 2450 tegite
701 2415 746 2444 nos:
764 2409 785 2443 3]
806 2418 852 2452 quo-

93 2462 144 2500 niam
168 2461 186 2499 si
209 2461 229 2498 in
252 2460 332 2498 humido
354 2460 382 2497 ita
404 2459 480 2497 faciunt
501 2459 560 2508 tigno,
583 2464 604 2496 et
624 2460 675 2498 sicco
698 2461 746 2507 quid
763 2461 855 2500 facient‘t'

94 2522 119 2556 32
136 2517 265 2556 Ducebantur
280 2522 346 2554 aut-ern
362 2521 382 2553 ct
397 2516 435 2553 duo
451 2516 480 2554 rei
492 2527 535 2553 cum
550 2515 584 2553 illo
600 2515 690 2554 interfici.
722 2521 747 2555 33
763 2518 791 2556 Et
806 2530 851 2556 eum

92 2575 193 2612 venissent
208 2574 228 2611 in
243 2573 307 2612 locum
323 2573 357 2621 qui
371 2577 453 2610 vocatur
468 2572 563 2621 calvariae,
586 2571 781 2623 illiccrucifixernnt
795 2574 851 2612 illum
899 2606 901 2610 .

93 2632 147 2669 cruci
162 2637 182 2668 et
196 2631 240 2669 illos
262 2643 313 2678 reos,
334 2643 395 2667 unum
418 2629 442 2667 ad
459 2629 549 2667 dextram
571 2634 591 2666 et
612 2643 673 2667 unum
696 2630 720 2668 ad
743 2631 849 2670 sinistram,

95 2691 121 2727 34
137 2687 193 2727 Iesus
209 2693 274 2727 autem
294 2687 372 2726 dicebat
387 2685 454 2738 Pateu
477 2686 555 2725 dimitte
577 2685 628 2725 illis:
651 2699 690 2726 nen
713 2688 764 2727 enim
786 2688 855 2728 sciunt
