1869 2914
113 90 151 124 138
441 83 476 118 av.
490 94 524 118 sec
769 85 789 121 G.
804 86 832 120 20.
843 88 870 120 21.

110 211 215 260 insuflavit,
240 217 260 249 et
275 212 304 249 ait
320 210 359 249 illis
375 211 467 257 Accipite
483 203 575 257 spiritum
590 218 688 251 sanctum:
706 214 871 257 2111111111-

109 268 203 306 miseritis
218 275 305 318 pecca-ta,
320 268 449 306 remittuntur
464 268 499 318 eis,
515 274 536 306 et
550 280 632 316 quorum
647 268 776 319 retinueritis,
792 268 872 306 detenta
932 320 934 322 q

110 331 161 365 sunt.
193 327 220 363 24
246 324 331 363 Thomas
347 330 412 363 autem
431 337 481 362 uuus
503 324 527 362 de
549 324 599 374 XII,
621 325 654 372 qui
677 324 749 364 dicitur
771 325 871 374 Didimus,

109 394 148 419 non
164 389 207 420 erat
222 381 320 420 cumillis
335 381 412 428 quando
427 381 483 420 venit
496 380 560 422 111111.
591 386 617 420 25
633 381 733 421 Dixerunt
748 395 793 429 ergo
809 382 827 420 ei
842 394 872 420 ce·

109 439 148 476 teri
163 437 255 486 discipuli
271 437 362 477 Vidimus
379 438 483 478 dominum.
514 437 551 477 Ille
569 437 697 486 autemdixit
712 439 740 477 111
748 438 794 477 Nisi
803 438 871 477 videro

109 496 129 533 in
152 509 220 534 manus
242 496 284 534 eius
306 495 388 542 figuram
403 495 502 534 clavorum
527 501 547 534 et
561 495 632 534 misero
656 495 740 543 digitum
762 508 827 534 meum
849 496 871 534 in

109 552 172 590 locum
188 551 287 590 clavorum
303 560 323 590 et
330 553 406 591 mittam
417 565 495 590 manum
503 565 565 590 meam
576 553 596 590 in
611 552 663 591 latus
679 553 727 602 11111,
736 565 775 590 non
786 551 876 591 credam

110 613 135 646 211
152 608 203 647 Post
218 609 260 647 dies
276 615 341 647 autem
357 614 400 647 octo
416 609 489 647 iterum
504 614 561 647 erant
576 608 668 656 discipuli
683 609 742 648 simul
756 615 777 647 et
784 609 871 647 Thomas

81 716 85 718 ‚
109 666 203 704 cumeis.
238 665 300 704 Venit
314 666 372 704 Iesus
387 666 451 704 ianuis
467 666 544 715 clausis,
563 672 582 704 et
598 667 655 705 stetit
669 667 690 704 iu
705 665 769 704 medio
785 665 871 713 etclixit

108 722 151 761 Pan
166 722 272 761 vobiscum.
304 725 330 761 27
354 723 430 761 Deinde
446 724 475 761 ait
490 722 571 762 Thomae
586 722 641 761 quer
657 722 739 771 digitum
754 727 810 762 tuum
831 723 871 761 huc

109 787 129 817 et
144 780 189 818 vide
204 793 273 818 manus
287 792 348 829 meas,
371 786 392 818 et
414 780 461 819 affer
483 793 561 818 manum
582 785 635 818 tuam
659 787 679 818 et
693 780 750 819 mitte
773 780 793 818 in
808 779 871 818 latere

108 850 160 884 mee,
175 843 195 875 et
211 836 250 875 noli
266 850 308 875 esse
323 836 442 884 incredulas,
459 836 493 875 scd
508 837 577 876 fidelis.
610 841 635 876 28
658 836 769 884 Respondit
784 836 870 875 Thomas

109 903 129 932 et
144 893 196 932 dixit·
210 895 229 932 ei
237 894 268 931 Tu
279 907 298 932 es
315 894 404 932 dominus
419 907 474 932 meus
490 899 511 932 et
526 894 573 932 deus
588 907 649 933 meus.
681 899 706 933 29
727 895 764 932 Ait
779 892 797 932 ei
812 894 869 932 Iesus
896 913 899 917 r

109 948 160 996 Quia
175 950 244 989 vidisti
258 964 295 999 me³
312 950 424 988 credidisti:
440 950 493 988 beati
509 951 543 996 qui
558 950 696 989 nonviderunt
706 957 727 989 et
737 950 869 991 crediderunt.
903 980 905 982 .

110 1011 135 1045 30
151 1007 216 1045 Multa
231 1007 310 1054 quidem
326 1013 346 1045 et
361 1006 400 1045 alia
416 1008 471 1054 signa
485 1007 534 1045 fecit
547 1006 604 1046 Iesus
627 1008 648 1046 in
666 1013 771 1055 conspectu
787 1007 870 1054 discipu·

108 1064 170 1102 lorum
186 1076 273 1113 snorum,
289 1076 333 1111 quae
348 1077 387 1102 non
402 1070 449 1102 sunt
463 1064 538 1111 scripta
552 1064 574 1102 in
589 1064 639 1103 libro
655 1065 702 1103 hoc:
733 1069 757 1103 31
779 1064 870 1104 11111111-

108 1131 148 1159 tem
164 1122 238 1167 scripta
253 1127 300 1159 sunt
314 1128 338 1159 ut
360 1120 444 1159 credatis
461 1121 507 1167 quia
521 1120 578 1159 Iesus
594 1119 685 1160 Christus
707 1121 749 1168 ipse
773 1128 803 1160 est
818 1121 869 1160 filias

110 1178 147 1227 (111,
165 1184 185 1215 et
200 1184 222 1216 ut
238 1177 340 1216 eredentes
355 1178 415 1215 vitam
431 1176 521 1216 habeatis
536 1178 556 1216 in
571 1178 648 1217 nomine
664 1178 713 1216 eius.
750 1205 752 1207 »

165 1231 221 1277 XXI.
255 1239 263 1271 1
281 1230 354 1273 Postea
369 1234 504 1272 manifestavit
520 1246 540 1272 se
556 1235 628 1273 iterum
643 1236 699 1273 Iesus
710 1234 812 1282 discipulis
828 1236 870 1273 suis

108 1291 132 1328 ad
147 1304 200 1329 mare
216 1290 334 1330 Tiberiadis.
363 1290 500 1330 llanifestavit
515 1298 581 1330 autem
596 1305 617 1330 se
633 1292 666 1330 sic.
698 1296 709 1329 2
725 1291 789 1330 Erant
804 1298 869 1330 autam

106 1349 182 1394 pariter
197 1347 264 1387 Simon
279 1347 352 1386 Petrus
368 1354 388 1386 et
404 1347 488 1386 Thomas
504 1348 538 1394 qui
553 1348 626 1387 dicitur
640 1348 732 1387 Didimus
755 1355 775 1387 et
796 1348 870 1387 Natha-

107 1405 151 1442 nael
166 1405 200 1451 qui
215 1411 258 1443 erat
269 1403 361 1443 chanaan
372 1403 461 1444 Galilaeae
477 1411 497 1443 et
511 1405 547 1443 filii
554 1404 646 1443 Zebedaei
661 1411 682 1443 et
697 1404 731 1443 alii
746 1417 770 1443 ex
785 1405 870 1451 discipu-

107 1461 131 1499 lis
147 1462 189 1499 eius
205 1461 249 1500 duo.
282 1466 292 1500 3
319 1461 375 1499 Dicit
390 1461 418 1499 eis
434 1460 503 1500 Simon
517 1461 589 1500 Petrus
605 1461 662 1501 Vado
684 1462 762 1508 piscari.
793 1461 868 1500 Dicunt

107 1518 126 1555 ei
141 1517 237 1556 Venimus
254 1525 274 1556 et
288 1531 323 1556 nos
338 1524 411 1556 tecum.
440 1517 468 1555 Et
483 1518 574 1556 exierunt
589 1525 610 1556 et
625 1518 754 1556 ascenderunt
763 1519 784 1556 in
791 1531 869 1570 navem,

107 1580 127 1612 et
142 1573 176 1612 illa
191 1580 248 1613 nocte
263 1574 324 1612 nichil
340 1580 440 1621 ceperunt.
472 1574 559 1612 4111111
582 1581 648 1613 autem
663 1575 715 1613 facto
739 1576 796 1613 stetit
811 1574 868 1613 Iesus

106 1632 126 1668 in
141 1630 217 1670 littore:
234 1644 272 1669 non
288 1637 352 1669 tamen
370 1637 504 1679 cognorerunt
519 1631 610 1679 discipuli
625 1630 735 1677 quiaIesus
751 1637 787 1670 est.
804 1636 815 1669 5
831 1631 867 1669 Di·

106 1688 134 1725 eit
148 1700 194 1734 ergo
210 1688 238 1725 eis
253 1687 386 1736 IesusPaeri,
402 1687 491 1733 nunquid
505 1688 658 1734 pulmentarium
673 1687 766 1727 hahetis?
781 1688 869 1734 Respon-

106 1744 178 1782 derunt
193 1745 211 1782 ei
226 1744 277 1783 Non.
310 1749 320 1782 t
337 1743 393 1782 Dicit
408 1744 436 1782 eis
452 1744 528 1782 Mittite
552 1744 572 1782 in
588 1744 688 1783 dexteram
703 1750 780 1791 partem
795 1744 868 1791 navigii

106 1801 163 1850 retia
180 1807 200 1838 et
214 1801 325 1840 invenietis.
349 1800 449 1839 Miserunt
463 1813 509 1847 ergo
525 1802 576 1839 retia
591 1807 612 1839 et
626 1809 665 1839 n‘on
682 1800 774 1840 valebant
788 1801 869 1838 trahere

106 1870 129 1894 ea
144 1870 155 1894 a
170 1857 296 1895 multitudine
311 1856 400 1903 piscium.
420 1858 430 1894 7
446 1856 504 1894 Dixit
514 1869 559 1904 ergo
570 1856 603 1895 ille
614 1857 722 1903 discipulus
733 1870 791 1903 quem
801 1856 868 1903 dilige-

105 1913 139 1951 bat
149 1912 206 1951 Iesus
221 1913 283 1952 Petro
299 1913 395 1951 Dominus
411 1918 447 1952 est.
479 1911 624 1951 contudisset
640 1920 705 1951 autem
713 1913 779 1951 Simon
794 1913 868 1951 Petrus

105 1970 196 2016 quoniam
213 1970 303 2008 dominus
318 1977 356 2018 est,
371 1969 439 2006 tunica
454 1969 551 2006 succinxit
566 1982 593 2017 se,
617 1976 660 2007 erat
683 1969 734 2007 enim
756 1968 827 2018 nudus,
848 1977 869 2007 et

105 2026 160 2064 misit
175 2039 196 2064 11
211 2026 231 2063 in
247 2036 311 2063 inore:
345 2029 355 2063 8
379 2024 409 2063 1111
425 2024 458 2063 alii
474 2024 565 2071 discipuli
585 2026 731 2072 navigaverunt,
754 2039 793 2064 non
815 2025 868 2063 enim

105 2082 161 2129 longe
177 2087 233 2120 erant
248 2096 259 2119 a
274 2087 328 2120 terra
343 2081 377 2119 sed
393 2082 448 2127 quasi
464 2094 476 2118 a
491 2081 564 2120 enbitis
580 2082 676 2129 ducentia,
700 2082 801 2121 trahentes
816 2082 868 2120 retia

104 2139 194 2185 piscium.
227 2143 237 2176 9
261 2138 290 2177 Ut
305 2151 350 2185 ergo
370 2137 513 2176 descenderunt
527 2139 548 2176 in
563 2144 643 2188 terram,
666 2138 758 2177 viderunt
774 2137 867 2177 carbones

104 2197 193 2234 incensos
210 2202 230 2232 et
244 2196 317 2241 piscem
334 2195 478 2241 superpositum
495 2201 515 2233 et
529 2208 606 2241 tranem.
640 2199 664 2233 10
687 2194 744 2234 Dicit
766 2195 794 2234 eis
809 2194 868 2233 Iesus

103 2252 180 2290 Afferte
196 2252 220 2289 de
234 2251 322 2297 piscibus
337 2263 386 2297 quos
402 2264 453 2289 nune
468 2251 555 2298 cepistis.
588 2256 611 2289 11
630 2251 685 2290 Tunc
702 2251 791 2289 ascendit
799 2250 865 2290 Simon

103 2308 176 2346 Petrus
192 2314 212 2346 et
226 2308 288 2346 traxit
303 2307 354 2345 retia
369 2306 393 2344 ad
409 2313 481 2345 terram
501 2307 559 2354 plena
580 2308 668 2354 piscihus
690 2309 764 2355 magnis
787 2312 865 2345 centum

103 2365 244 2412 quinquaginta
259 2364 333 2402 tribus:
355 2364 588 2410 1111111111111111111111
610 2377 649 2403 non
672 2369 703 2403 est
717 2364 800 2403 scissum
815 2370 864 2404 rete.

105 2426 130 2458 12
147 2419 204 2460 Dicit
219 2421 247 2459 eis
262 2420 319 2458 Iesus
327 2419 407 2468 Venite,
423 2421 524 2466 prandete.
554 2417 617 2459 Nemo
634 2426 698 2459 antem
715 2433 774 2458 ausus
789 2420 866 2459 estdis·
899 2448 900 2451 =

103 2477 238 2516 cumbencium
252 2478 374 2523 interrogare
390 2489 434 2514 eum
450 2476 480 2515 Tu
495 2478 539 2523 quis
555 2479 591 2515 es?
613 2478 698 2515 scientes
714 2477 760 2523 onia
775 2476 818 2523 ipse
834 2483 865 2514 est

102 2534 198 2573 dominus.
232 2537 255 2572 13
273 2533 328 2571 Tune
343 2531 400 2570 Iesus
416 2533 488 2579 accipit
502 2547 572 2580 panem
587 2539 608 2571 et
623 2533 678 2571 dedit
693 2534 722 2571 eis
745 2539 765 2571 et
789 2532 863 2579 piscem

102 2590 199 2629 similiter.
232 2594 256 2628 14
280 2590 325 2628 Hoc
340 2588 379 2626 iam
395 2590 456 2628 tercio
476 2590 612 2629 manifestavit
626 2589 683 2628 Iesus
706 2589 807 2636 discipulis
823 2590 866 2627 suis

102 2660 146 2684 cum
161 2647 304 2685 resurrexisset
319 2660 330 2684 a
344 2646 435 2685 mortuis.
467 2650 491 2684 15
509 2645 558 2685 Cum
573 2659 619 2693 ergo
634 2646 766 2693 prandissent,
790 2646 819 2684 ait
833 2644 867 2684 Ie·

101 2715 135 2741 sus
151 2702 226 2742 Simoni
240 2702 301 2742 Petro
309 2701 383 2750 Simon,
399 2701 487 2741 Bariana
505 2702 570 2749 diligis
586 2705 631 2740 me?
645 2703 702 2741 Dicit
716 2702 735 2741 ei
749 2702 817 2741 Etiam
832 2702 865 2740 do·

101 2761 160 2807 mine7
181 2771 204 2798 tu
226 2761 264 2799 seis
287 2760 333 2812 quia
348 2771 391 2797 amo
408 2765 432 2797 te.
471 2759 527 2798 Dicit
541 2759 570 2798 illi
585 2759 648 2798 Pasce
664 2772 709 2798 oves
724 2772 775 2798 meat
793 2758 865 2797 ltAit
