1869 2914
126 83 152 118 52
451 76 486 113 Er.
499 86 535 116 sec,
780 77 800 113 G.
813 79 841 113 14.
855 79 884 114 15.

123 201 220 248 principis
237 201 361 240 sacerdotum
377 208 397 241 et
412 203 522 250 amputavit
537 201 643 240 auriculam
659 203 708 241 eius,
724 204 750 240 48
766 203 795 240 Et
806 216 885 249 respon-

124 258 172 296 dens
188 258 216 295 ait
231 257 271 296 illis
286 258 345 297 155115
360 259 468 305 Tamquam
483 259 508 297 ad
523 258 619 297 latronem
634 259 703 297 existis
718 272 762 296 cum
777 259 848 306 gladiis
864 257 900 298 51

123 314 210 353 fustibus
226 315 390 362 comprehendere
405 326 445 354 me:
471 319 497 354 49
522 315 594 354 cotidie
610 328 662 353 eram
678 315 730 363 apud
751 328 785 354 vos
800 316 822 354 in
836 321 884 355 tem·

122 371 154 418 plo
171 372 249 422 docens,
266 377 287 410 et
301 385 340 410 non
355 373 447 411 tenuistis
462 386 500 411 me.
531 371 570 411 Sed
585 369 608 410 ut
623 372 757 419 compleantur
772 374 883 419 scripturae.

124 431 150 467 50
177 428 232 466 Tunc
247 428 339 475 discipuli
357 429 399 467 eius
422 429 555 475 relinquentes
578 442 622 467 eum
645 441 711 467 omnes
733 426 832 476 fugeruffa'.
857 434 881 468 51

123 484 244 523 Adolescens
260 490 325 522 autem
341 486 420 530 quidam
435 486 568 534 sequebantur
583 499 627 523 eum
643 499 654 523 a
668 486 724 532 longe
747 486 830 524 amictus
846 486 883 525 sin-

123 541 198 591 doneml
221 546 241 579 et
256 546 363 579 tenuerunt
379 552 439 584 eumq
455 547 487 580 ’52
504 541 571 580 atille
587 541 656 580 relicta
671 542 752 580 sindone
775 542 827 589 fugit
848 556 883 581 nu·

123 598 165 639 dus.
199 602 224 636 53
248 597 276 635 Et
299 597 423 636 adduxerunt
444 598 511 637 iesum
533 598 558 636 ad
579 598 688 645 principem
709 598 841 650 sacerdotum,
863 605 884 637 et

122 659 255 692 conuenerunt
270 666 337 693 omnes
352 655 452 702 principes
468 654 591 693 sacerdotum
614 660 635 692 et
657 655 727 693 scribae
747 660 768 693 et
788 656 881 696 seniores.

123 713 149 748 54
164 710 238 749 Petrus
254 715 320 761 autem
336 724 347 749 5
361 711 417 759 longe
433 712 551 758 sequebatur
566 711 626 749 donec
640 712 695 750 venit
710 711 731 750 in
745 711 818 749 atrium
833 725 883 750 sum-

121 767 149 804 mi
168 767 283 816 sacerdotis,
307 768 376 806 sedens
396 781 439 807 cum
458 769 554 807 ministris
578 767 705 807 calefaciebat
722 779 743 806 se
764 768 789 806 ad
810 769 881 815 ignem.

123 828 148 862 55
179 824 283 870 Principes
314 830 379 863 autem
402 825 526 864 sacerdotum
550 837 606 863 omne
635 825 738 863 concilium
768 824 883 872 quaerebant

123 880 216 919 adversus
231 880 299 919 iesum
313 882 448 920 testimonium
472 890 496 920 ut
510 882 569 919 morti
591 894 636 919 eum
660 881 776 919 damnarent
800 891 820 920 51
844 895 881 920 non

121 937 260 977 inveniebant:
277 942 303 976 55
319 938 377 976 multi
392 943 458 977 autem
473 938 608 976 testimonium
623 937 694 976 falsum
710 937 801 976 dicebant
816 938 883 977 adver-

121 1006 155 1032 sus
171 1007 221 1043 eum,
238 1007 274 1032 nec
289 1000 346 1032 erant
361 995 499 1034 conveniensis
515 994 635 1033 testimonia.
659 996 685 1033 57
703 993 747 1032 Alii
763 1001 829 1033 autem
851 1007 883 1033 ex-

121 1057 223 1097 surgentes
238 1050 284 1088 15151
299 1055 361 1090 155155
377 1052 468 1090 dicebant
483 1051 577 1089 adversus
600 1064 650 1089 eum.
677 1055 703 1089 58
719 1051 760 1089 Hic
775 1051 826 1089 dixit
839 1051 882 1098 Ego

121 1107 221 1145 destruam
237 1107 385 1154 templumhoc
400 1108 554 1157 manufactum,
573 1112 653 1154 etpost
675 1107 763 1145 triduum
783 1108 882 1147 suscitabo

94 1201 95 1204 ,
120 1164 170 1202 illud
186 1177 224 1202 non
238 1177 298 1202 mann
313 1165 394 1203 factum.
412 1169 436 1203 59
453 1164 481 1203 Et
496 1178 535 1203 non
551 1169 594 1203 erat
609 1163 683 1210 aequale
691 1165 826 1203 testimonium
841 1164 883 1203 illo-

120 1234 170 1259 rum.
207 1224 232 1259 60
264 1221 319 1259 Tunc
334 1233 440 1269 exsurgens
456 1221 548 1267 princeps
563 1221 687 1259 sacerdotum
702 1221 723 1259 in
737 1221 801 1259 medio
817 1221 883 1268 coepit

120 1277 242 1324 interrogare
257 1276 325 1316 lesum
340 1278 406 1317 dicens
422 1290 482 1324 quare
497 1276 558 1316 nichil
573 1278 679 1324 respondes
697 1278 800 1325 quicquam
813 1278 881 1316 adver-

120 1347 153 1372 sus
169 1335 305 1373 accusaciones
325 1339 406 1374 eorum?
423 1340 447 1373 ct
465 1334 502 1373 Ille
518 1340 584 1373 autem
599 1333 677 1373 tacebat
692 1340 713 1372 et
727 1334 789 1372 nichil
803 1347 882 1381 respon-

120 1391 156 1432 dit.
187 1390 220 1429 Ad
243 1404 301 1437 quem
323 1391 396 1431 iterum
417 1392 445 1430 ait
460 1391 492 1430 Tu
517 1404 537 1430 es
561 1389 659 1439 Christus,
689 1390 741 1429 filius
765 1391 881 1431 benedicti?

121 1452 147 1486 62
163 1447 220 1486 Iesus
235 1461 281 1487 1515
297 1449 326 1486 511
340 1449 370 1487 1111
384 1448 427 1496 Ego
443 1462 495 1487 sum:
512 1454 533 1487 et
542 1448 636 1487 videbitis
645 1447 707 1486 filium
717 1449 801 1487 hominis
813 1448 880 1487 seden-

120 1510 160 1543 tem
183 1505 208 1543 ad
230 1505 330 1543 dexteram
352 1506 433 1545 virtutis
454 1514 475 1543 et
489 1505 600 1544 venientem
615 1518 659 1543 cum
674 1504 758 1544 nubibus
778 1505 828 1545 caeli.
852 1510 878 1544 53

119 1561 153 1599 Ad
167 1561 211 1600 haec
226 1575 313 1600 summus
328 1562 419 1601 sacerdos
435 1562 495 1601 scidit
509 1563 627 1601 vestimenta
644 1575 680 1600 sua
695 1567 715 1600 et
730 1563 758 1600 ait
774 1560 826 1607 Quid
841 1575 879 1600 am·

118 1618 170 1664 plius
186 1618 276 1666 quaeritis
292 1632 370 1666 operam
386 1619 484 1658 testium?
509 1622 534 1657 64
550 1618 643 1657 Audistis
658 1618 808 1665 blasphemiam:
832 1619 880 1665 quid

117 1675 173 1714 vobis
189 1675 282 1714 videtur?
298 1674 371 1715 Omnes
387 1681 452 1715 autem
467 1676 605 1715 iudicaverunt
620 1689 664 1714 eum
680 1688 723 1714 esse
739 1689 794 1714 reum
802 1676 878 1716 mortis.

119 1736 144 1771 65
161 1731 189 1770 Et
205 1738 312 1780 coeperunt
327 1733 406 1781 quidam
421 1733 504 1771 irridere
520 1746 564 1771 eum
585 1737 605 1771 et
626 1738 759 1779 conspuerunt
781 1734 801 1771 in
823 1732 879 1771 illum

118 1795 138 1828 et
152 1789 240 1828 velantes
255 1789 327 1828 faciem
342 1791 384 1829 51115
400 1785 549 1838 colaphizabant
564 1803 608 1828 eum
624 1795 644 1828 51
659 1789 751 1828 dicebant
766 1786 785 1829 51
792 1790 879 1828 ministri

116 1846 238 1893 Prophetina
253 1846 322 1885 nobis:
339 1853 360 1885 et
375 1846 437 1893 ala-pis
453 1860 498 1885 eum
513 1846 621 1886 caedebant.
639 1850 664 1884 11
680 1845 753 1885 Petrus
761 1852 827 1885 autem
835 1860 879 1885 oum

117 1909 171 1941 esset
185 1903 205 1940 in
221 1903 301 1952 atrium7
316 1904 372 1941 venit
387 1903 411 1941 ad
426 1903 481 1941 illum
491 1916 531 1941 una
546 1915 570 1940 ex
585 1902 661 1940 ancillis
676 1903 748 1940 summi
763 1903 877 1953 sacerdotis,

118 1971 162 1998 cum
176 1960 261 1998 vidisset
275 1959 331 1998 illum
347 1959 493 1999 calefacientem
508 1972 536 2007 55,
552 1959 647 2006 aspiciens
663 1959 691 1998 ait
706 1959 736 1998 illi
754 1958 782 1998 Et
796 1965 819 1998 tu
834 1973 878 1999 cum

116 2015 164 2054 15511
179 2015 281 2054 Nazarenc
298 2029 347 2055 eras.
366 2020 390 2055 18
407 2016 437 2054 At
451 2016 484 2054 ille
500 2017 579 2063 negavit
592 2016 658 2054 dicens
673 2016 743 2063 Neque
761 2017 801 2061 5515
814 2029 878 2065 neque

117 2074 164 2112 novi
180 2074 227 2119 quid
242 2073 297 2112 dicis.
328 2072 357 2112 Et
372 2074 421 2112 511111
435 2073 484 2112 foris
500 2079 545 2112 ante
566 2073 644 2123 atrium,
668 2078 693 2113 59
709 2073 797 2112 Rursum
812 2079 879 2113 autem

117 2143 161 2169 cum
176 2130 260 2169 vidisset
274 2130 329 2169 illum
345 2130 407 2169 altera
422 2131 492 2169 ancilla
507 2131 573 2177 coepit
586 2130 653 2169 dicens
663 2131 775 2170 astantibus
791 2128 843 2176 Quia
858 2138 878 2169 et

116 2188 149 2226 hic
165 2187 243 2226 51111115
259 2192 296 2226 551.
323 2190 348 2226 10
368 2187 530 2226 111111511511111
552 2185 637 2236 negarit.
668 2188 696 2227 Et
717 2195 763 2235 post
784 2187 877 2235 pusillum

114 2246 187 2283 iterum
204 2245 237 2291 qui
253 2244 343 2283 astabant
359 2244 450 2283 dixerunt
464 2244 525 2284 Petro
540 2244 593 2284 Vere
616 2257 641 2283 ex
662 2246 711 2292 ipsis
734 2256 766 2284 es:
788 2258 834 2283 nam
857 2251 878 2283 51

115 2301 210 2341 (1511155115
226 2315 253 2342 es.
287 2303 310 2340 71
342 2300 379 2339 1115
404 2306 469 2341 autem
492 2303 557 2349 coepit
572 2303 665 2342 devotare
680 2315 701 2340 se
717 2307 738 2340 51
752 2302 817 2340 iurare
831 2302 877 2348 quia

115 2360 181 2398 nescio
197 2360 297 2398 hominem
312 2359 372 2397 istum
388 2371 445 2406 quem
461 2359 516 2398 dicis.
549 2360 574 2398 72
599 2359 625 2398 Et
648 2360 740 2398 continuo
755 2358 819 2407 gallus
835 2372 878 2397 can-

115 2417 178 2456 tavit:
205 2416 262 2455 Tunc
283 2422 424 2455 rememoratus
448 2422 479 2455 est
497 2416 570 2455 Petrus
592 2417 673 2456 verbum
700 2415 752 2464 quod
774 2415 825 2455 dixit
847 2416 877 2455 1111

113 2473 171 2513 Iesus
186 2473 306 2520 Priusquam
321 2473 383 2520 gallus
399 2479 470 2524 cantet,
486 2479 562 2513 terme
577 2474 667 2521 negabis:
692 2478 713 2511 et
727 2473 792 2520 coepit
807 2473 860 2512 flere.

142 2528 187 2573 XV,
221 2536 230 2569 1
258 2529 308 2570 Cum
333 2536 398 2569 autem
424 2544 480 2569 mane
501 2531 576 2570 factum
601 2539 654 2570 55551
669 2530 771 2569 consilinm
786 2531 879 2569 fecerunt

114 2589 185 2627 summi
201 2588 313 2627 sacerdotes
329 2601 373 2626 cum
389 2587 499 2627 senioribus
515 2594 535 2627 et
550 2587 620 2627 scribis
643 2593 664 2626 et
686 2588 777 2627 universo
793 2587 876 2627 concilio

115 2650 136 2682 et
145 2645 233 2684 vinctum
247 2642 317 2686 Iesum
332 2644 431 2684 duxerunt
445 2646 466 2684 in
481 2647 554 2685 atrium
569 2651 589 2684 et
599 2644 724 2684 tradiderunt
731 2644 803 2684 Pilato.
820 2649 832 2683 2
847 2643 879 2683 Et.

113 2702 243 2750 interrogarit
258 2716 303 2742 51111
318 2702 396 2741 Pilatus
413 2703 478 2741 dicens
494 2703 525 2742 Tu
540 2716 560 2742 es
576 2714 612 2742 rex
626 2702 756 2742 Iudaeorum?
776 2702 813 2741 ille
828 2714 878 2741 vero.
