1869 2914
125 41 151 76 32
454 35 488 71 Er.
502 46 536 72 sec.
829 38 849 73 Ο.
864 40 880 72 c.
919 39 923 42 ’

124 164 150 200 37
173 162 256 200 Factum
272 169 303 201 est
318 170 384 201 autem
399 164 418 202 in
444 164 535 209 sequenti
557 163 588 201 die
612 164 774 203 descendentibus
795 163 835 202 illis
850 164 883 202 de

122 225 188 257 monte
204 220 291 258 occurrit
316 221 334 259 11
350 220 408 259 turba
430 233 505 267 magua,
538 224 562 258 38
588 220 616 258 Et
639 233 683 259 ecce
704 222 736 260 vir
756 220 834 269 quidam
857 220 883 258 de

123 275 182 314 turba
197 276 315 315 exclamarit
337 276 402 315 dicens
421 277 523 325 Magister,
546 290 579 316 oro
603 283 629 328 toy
651 278 716 325 aspice
739 290 798 325 super
820 276 882 315 filium

121 346 193 383 meum,
210 334 256 381 quia
270 335 340 372 unicus
356 342 387 373 est
401 334 456 383 mihi,
478 338 502 373 39
520 340 541 372 et
555 347 599 372 ecce
615 335 700 381 arripnit
714 334 768 373 illum
791 334 880 382 spiritus,

121 389 186 428 subito
203 391 274 429 clamat
289 397 309 428 ct
324 391 399 428 collidit
414 396 434 428 et
450 390 533 437 dissipat
548 404 592 429 1111
608 402 651 429 cum
666 403 741 441 spuma,
759 397 780 430 et
794 392 828 430 vix
843 391 881 429 dis-

122 446 175 485 cedit
190 447 213 486 ab
229 460 252 485 eo
268 453 369 485 conterens
391 447 453 485 illum.
483 450 509 486 40
532 447 561 485 Et
582 449 648 499 rogavi
671 448 777 495 discipulos
797 455 843 486 tuos
857 454 883 485 ut

122 504 216 542 eiicerent
231 503 292 548 illum,
308 510 329 541 et
343 518 381 542 non
396 509 509 551 potuerunt.
541 507 564 542 4l
590 504 718 551 Respondens
740 505 807 551 itaque
822 504 882 542 Iesus

121 560 171 599 dixit
187 559 204 599 Ο
219 561 321 608 generacio
336 561 437 599 incredula
459 568 480 598 et
502 574 600 610 perversa,
624 562 750 608 quoadusque
771 561 823 608 apud
845 574 880 599 ros

121 630 153 654 ero
170 622 190 654 et
205 617 305 655 sustinebo
321 620 371 655 vos?
393 617 464 655 Adduo
479 617 517 655 huc
532 618 594 656 filium
608 624 670 658 tuum,
687 620 714 655 42
730 618 802 656 Adhuc
814 622 880 655 autem

120 674 225 712 accedente
240 674 273 712 illo
289 674 363 713 collisit
377 674 433 713 illum
448 675 565 712 daemonium
580 681 601 712 ot
616 675 720 722 dissipavit
735 688 786 714 eum.
809 677 835 712 43
851 674 880 712 Et

119 730 230 777 increpavit
244 730 301 768 Iesus
317 731 415 778 spiritum,
439 737 459 769 et
481 731 558 769 sanavit
576 744 659 778 puerum
682 737 702 768 et
721 731 809 769 reddidit
823 730 879 769 illum

119 788 172 832 patri
187 800 228 826 suo.
260 790 287 825 44
303 787 376 827 Omnes
392 793 457 826 autem
472 788 577 834 stupebant
593 789 613 825 in
627 788 761 835 magnitudine
777 782 814 826 dei.
830 786 879 825 Uni·

118 844 181 881 rersis
196 844 258 891 igitur
273 844 390 883 mirantibus
405 856 456 882 111111
472 856 515 892 quac
531 844 620 893 faciebat,
638 844 688 882 dixit
703 845 722 882 ei
731 844 803 883 Petrus
812 843 880 882 Domi·
909 851 911 854 '

119 913 142 937 11
158 905 238 946 propter
260 901 306 948 quid
322 914 357 939 nos
380 914 417 939 non
440 902 540 949 potuimus
562 902 624 939 eicere
649 900 712 938 illud?
735 899 811 945 Quibus
827 900 879 938 dixit

119 954 216 1001 Quoniam
233 957 346 995 huiusmodi
362 958 485 995 oracionibus
504 962 528 994 et*
538 957 617 995 ieiuniis
634 957 730 995 eiicietur.
745 957 830 995 Dicebat
845 970 879 995 au-

118 1020 157 1050 tem
173 1013 198 1050 ad
213 1014 320 1062 discipulos
336 1026 381 1052 suos
396 1013 468 1051 Ponite
483 1026 518 1052 vos
533 1014 553 1051 in
568 1013 648 1051 auribus
663 1014 736 1052 vestris
755 1014 799 1051 baec
813 1012 877 1051 Filius

118 1069 170 1107 enim
184 1070 269 1108 hominis
285 1070 355 1115 incipit
369 1070 421 1107 tradi
436 1071 457 1107 in
472 1069 561 1108 manibus
578 1071 684 1108 homiuum.
715 1073 741 1108 45
764 1070 797 1109 1111
812 1074 878 1108 autem

117 1127 233 1172 ignorabant
248 1139 362 1175 sermonem,
379 1134 399 1165 et
414 1131 457 1164 erat
471 1126 510 1164 illis
525 1127 588 1164 latens
603 1133 626 1164 ut
644 1140 681 1165 non
697 1127 794 1165 sentirent
814 1125 877 1176 illum⁷

118 1189 138 1219 et
153 1182 250 1221 timebant
264 1184 386 1230 interrogare
402 1196 445 1221 cum
462 1182 486 1221 dc
501 1183 560 1222 verbo
577 1185 621 1222 isto.
652 1186 678 1222 46
708 1183 796 1222 intravit
810 1189 877 1222 autem

117 1239 211 1285 cogitacio
236 1240 256 1277 in
283 1239 333 1288 illos,
368 1241 457 1286 quisnam
483 1247 536 1278 esset
556 1241 618 1278 maier
640 1239 725 1278 illorum.
762 1241 788 1278 47
818 1239 877 1278 lesus

116 1296 183 1341 itaque
198 1297 267 1333 videns
283 1297 414 1344 cog'itacioncs
430 1296 495 1335 cordis
510 1296 594 1345 illorum,
622 1297 769 1342 apprehendens
793 1309 876 1342 puerum

116 1354 187 1390 statuit
202 1354 257 1391 illum
273 1353 329 1391 iuxta
344 1366 372 1403 se,
400 1357 426 1390 48
451 1360 471 1391 et
486 1353 536 1391 dixit
552 1351 667 1400 Quicunque
683 1352 780 1399 receperit
793 1366 877 1399 puerum

115 1410 175 1446 istum
191 1410 211 1447 in
226 1409 303 1447 nomine
326 1422 375 1457 meo,
401 1422 431 1447 111
452 1410 525 1456 recipit
547 1416 567 1447 11
588 1411 698 1457 quicunque
719 1421 749 1447 me
771 1411 875 1459 receperit,

115 1479 153 1503 non
167 1479 198 1503 me
214 1466 285 1513 recipit
300 1466 335 1504 sed
350 1479 394 1504 eum
410 1468 443 1513 qui
466 1479 496 1503 me
518 1466 583 1503 misit:
610 1467 643 1514 qui
659 1467 709 1504 enim
727 1466 819 1504 minimus
843 1472 875 1505 111

113 1522 134 1559 11
150 1522 245 1574 omnibus,
261 1523 294 1560 hic
310 1528 340 1561 est
355 1524 423 1561 maior.
439 1525 465 1560 49
481 1522 609 1569 Respondent
629 1528 694 1561 autem
709 1522 807 1561 Iohannes
823 1522 874 1561 dixit

112 1577 233 1629 Praeceptor,
250 1579 335 1618 vidimus
351 1579 446 1625 quendam
463 1579 483 1616 in
498 1579 575 1616 nomine
591 1584 624 1617 tuo
644 1579 754 1617 eiicientem
770 1579 873 1627 demonia,

113 1642 133 1673 ct
147 1631 257 1674 1111111111
272 1636 334 1685 illum,
351 1636 396 1682 quia
411 1649 449 1673 non
465 1636 554 1683 sequitur
569 1636 674 1676 nobiscum,
693 1640 718 1674 50
734 1636 792 1674 Dixit
807 1642 873 1674 autem

112 1693 138 1729 ad
153 1692 197 1730 illos
209 1692 266 1731 Iesus
273 1692 342 1731 Nolite
357 1698 435 1731 vetaret
452 1693 486 1737 qui
501 1693 552 1730 11111
568 1706 606 1730 111
622 1698 652 1730 111
667 1692 760 1731 adversus
778 1704 820 1741 vos,
835 1705 873 1738 pro

111 1750 166 1787 uobis
182 1755 223 1799 est,
238 1763 294 1788 nemo
310 1755 341 1788 est
356 1749 414 1799 enim,
430 1750 463 1797 qni
479 1762 517 1788 non
527 1750 587 1788 faciat
599 1749 692 1788 virtutem
703 1750 723 1787 11
734 1749 811 1788 nomine
821 1762 872 1789 meo.

113 1810 136 1843 51
155 1806 237 1844 Factum
253 1812 284 1844 est
298 1812 364 1843 autem
379 1819 423 1843 cum
438 1806 577 1852 supplerentur
595 1805 636 1843 dies
659 1806 779 1853 receptionis
794 1807 836 1843 eius
852 1815 874 1843 et

110 1863 153 1908 ipse
168 1863 238 1901 faciem
255 1863 377 1901 confirmavit
392 1863 416 1900 ad
431 1863 550 1908 pergendum
565 1862 679 1911 Ierusalem,
697 1866 723 1900 52
740 1869 760 1900 et
774 1862 872 1908 praemisit

110 1919 191 1957 nuncios
207 1921 252 1956 ante
268 1919 337 1956 faciem
353 1929 419 1956 suam:
446 1924 466 1956 et
481 1918 575 1956 abeuntes
596 1918 716 1956 introierunt
730 1918 750 1956 in
769 1918 871 1956 castellum

111 1973 278 2013 Samaritanorum
293 1976 317 2013 ad
332 1975 482 2021 praeparandum
497 1975 536 2014 illi:
559 1979 583 2013 53
601 1980 621 2013 et
636 1988 674 2013 non
688 1980 805 2021 receperunt
819 1988 869 2025 eum,

110 2032 201 2078 quoniam
217 2031 277 2069 facies
293 2032 335 2069 cius
354 2038 397 2069 crat
413 2044 495 2078 pergens
510 2030 624 2070 Ierusalem.
656 2033 682 2069 54
698 2030 794 2069 Videntes
809 2032 872 2078 igitur

110 2088 202 2135 discipuli
224 2089 266 2127 cius
281 2087 365 2127 Iacobus
381 2094 401 2126 et
415 2087 519 2137 Iohannes,
536 2088 633 2137 dixerunt,
649 2087 686 2126 Vis
708 2088 790 2126 dicimus
806 2088 869 2135 ignem

109 2145 227 2184 descendere
250 2146 273 2184 dc
294 2145 341 2184 caelo
366 2158 425 2192 super
449 2144 493 2183 illos
517 2150 537 2183 11
556 2158 669 2184 consumere
691 2157 723 2184 eos
746 2146 798 2183 sicut
822 2145 871 2184 fecit

108 2202 194 2242 Helias?
225 2207 250 2242 55
278 2201 388 2242 Conversus
413 2190 597 2250 itaque¹corripuc
617 2202 660 2241 illos
676 2208 696 2241 et
711 2202 762 2241 dixit
781 2201 870 2241 Nescitis

108 2260 161 2308 quali
176 2261 249 2308 spiritu
264 2261 323 2298 sitis?
354 2264 379 2298 56
403 2259 468 2298 Filius
491 2260 542 2298 enim
565 2260 649 2298 hominis
672 2273 710 2298 nou
724 2261 780 2298 venit
794 2260 869 2298 animas

107 2318 189 2365 perdere
205 2318 240 2356 sed
255 2318 319 2356 salvas
334 2317 405 2357 facere.
437 2318 463 2355 tt
486 2317 514 2355 Et
533 2318 608 2356 factum
623 2323 653 2356 cst
667 2318 707 2356 illis
723 2317 868 2356 ambulantibus

107 2376 127 2413 in
150 2376 201 2413 viana
224 2376 276 2413 dixit
305 2375 383 2423 quidam
410 2374 434 2412 ad
462 2387 506 2412 cum
528 2373 604 2421 Sequar
626 2381 646 2413 te
669 2386 784 2422 quocunque
813 2374 868 2413 ieris.
924 2412 926 2416 ,

108 2436 133 2470 58
150 2432 208 2470 Dixit
222 2432 252 2470 illi
266 2431 323 2470 11111
338 2430 414 2477 Vulpes
429 2431 502 2470 habent
517 2431 590 2470 cubilia
605 2437 625 2469 et
639 2430 728 2469 volatilia
746 2431 789 2469 caeli
804 2431 866 2479 nidos

106 2489 157 2527 filius
178 2494 244 2527 antem
259 2488 343 2527 hominis
359 2501 397 2526 non
412 2488 472 2526 habet
493 2488 528 2526 ubi
551 2494 610 2535 caput
631 2488 720 2526 11111111.
752 2492 777 2526 50
807 2488 868 2526 Dixit

106 2552 171 2584 autem
186 2546 211 2584 ad
227 2546 311 2584 altarum
327 2544 412 2593 Sequere
432 2558 469 2585 me.
501 2543 540 2591 Qut
562 2546 580 2584 ci
596 2545 647 2583 dixit
661 2545 752 2594 Domine,
773 2545 866 2592 permitte

106 2603 154 2640 111111
169 2604 253 2649 prinum
268 2604 297 2641 ire
313 2610 334 2641 11
349 2602 432 2649 sepelire
447 2606 522 2649 patrem
545 2615 616 2642 mcum.
648 2606 673 2641 60
701 2601 797 2648 Dixitque
821 2616 866 2650 ergo

105 2658 135 2697 illi
150 2658 206 2697 11111
222 2659 268 2699 Sine
283 2660 357 2699 mortui
372 2665 459 2698 incrtuos
475 2673 520 2698 suos
536 2659 643 2706 sepeliant:
669 2665 690 2697 tu
712 2665 778 2698 autom
792 2659 865 2698 vadens

105 2718 202 2755 annuncia
217 2731 297 2765 regnum
314 2718 351 2758 dei.
384 2721 408 2756 tt
432 2716 491 2756 Dixit
511 2724 577 2756 autem
593 2717 611 2755 ei
627 2716 677 2756 alius
693 2715 769 2763 Sequar
784 2722 810 2765 te,
834 2716 866 2755 do-
