1869 2914
122 70 147 106 78
463 62 498 97 Ev.
513 73 555 98 111.
804 63 824 100 (l.
838 64 854 98 t.
868 66 887 98 8.

120 203 158 228 non
174 189 260 227 cessavit
275 188 380 227 osculando
396 188 457 234 pedes
472 199 532 227 meos.
563 190 589 226 46
616 186 665 227 Oleo
681 202 719 227 non
734 189 809 227 unxisti
825 194 887 235 caput

119 258 194 285 meum:
211 246 255 283 haec
270 252 337 284 autem
352 250 452 293 unguento
467 244 530 283 unxit.
558 246 585 283 47
600 245 687 292 Propter
704 246 756 293 quod
781 246 824 284 dico
839 245 884 295 tibi⁷

119 302 256 340 Dimittuntur
270 302 301 341 illi
315 307 396 350 peccata
411 300 479 350 multa,
495 300 586 346 quoniam
602 301 672 340 dilexit
686 303 781 342 multum:
805 302 837 340 cui
852 315 887 340 au-

120 365 160 397 tem
175 360 240 397 minus
257 359 371 407 dimittitur,
387 358 451 396 minus
467 357 538 404 diligit.
568 361 595 396 48
625 358 654 396 Et
669 360 719 398 dixit
734 360 759 398 ad
773 359 827 398 illam
841 358 888 397 Mu·

119 415 157 454 lier
172 409 255 454 dimissa
270 421 317 454 111111
331 415 369 454 tibi
383 419 470 461 peccata.
501 418 527 452 49
551 413 579 452 Et
594 421 702 461 coeperunt
717 417 751 462 qui
765 416 841 462 pariter
855 428 884 453 re-

121 472 238 512 cumbebant
253 472 318 510 dicere
334 483 400 510 secum
416 469 466 516 Quis
482 476 513 509 est
528 471 561 509 hic
576 472 610 517 qni
625 472 685 509 etiam
695 478 776 518 peccata
787 472 886 510 dimittit?

122 534 148 568 50
164 530 222 567 Dixit
237 535 303 567 autem
318 528 343 566 ad
365 528 468 566 mulierem
483 527 543 566 Fides
567 534 602 566 tua
624 533 644 566 te
667 528 762 567 salvavit:
791 529 841 567 vade
863 529 886 566 in

119 599 174 633 pace.

179 641 239 683 VIII.
272 646 281 679 1
299 641 327 680 Ilt
342 642 417 679 factum
432 641 498 679 estin
513 642 603 690 sequenti
618 647 641 679 ut
657 643 750 680 circuiret
758 642 848 681 civitates
864 647 887 679 et

121 699 214 737 castella
228 699 338 744 praedicans
364 703 385 736 et
411 699 530 736 annuncians
560 711 641 745 regnum
671 699 703 736 dei
732 705 753 737 et
781 698 811 737 illi
839 697 884 736 XII

121 755 215 803 discipuli
230 769 274 794 cum
290 768 320 807 eo⁷
340 759 352 793 2
368 761 388 793 et
403 755 496 793 mulieres
512 755 601 801 quaedam
617 767 661 801 quae
676 755 756 794 firerant
770 760 844 794 curatae
859 750 887 794 ab

94 842 96 844 -
122 812 226 860 spiritibus
249 812 356 851 immundis
381 817 402 850 11
428 811 576 850 infirmitatibus
603 819 624 850 11
643 812 708 851 Maria
735 825 779 859 quae
802 819 887 850 vocatur

123 869 247 918 Magdalene‚
277 883 302 907 ex
327 881 365 914 qua
388 868 485 907 daemonia
507 869 596 907 exierant
617 868 667 918 ΧΠ,
707 874 717 907 3
754 875 775 907 11
796 868 885 908 Iohanne

123 925 196 965 Ohnaae
206 939 257 964 uxor
271 927 406 972 procuratoris
415 925 509 974 Herodis,
526 931 546 963 et
561 925 657 973 Susanna,
674 935 694 964 et
709 925 753 964 aliae
763 925 831 964 multae
839 938 886 972 quae

123 989 144 1021 et
158 982 297 1021 ministrabant
313 982 341 1020 111
357 982 380 1019 de
401 982 528 1021 facultatibus
543 983 590 1021 suis.
622 984 634 1020 4
660 980 792 1021 Conveniente
817 988 883 1021 autem

121 1039 180 1078 turba
187 1039 250 1078 multa
266 1045 286 1076 et
302 1039 336 1085 qni
352 1039 375 1076 de
391 1039 473 1085 singulis
489 1039 603 1078 civitatibus
614 1038 695 1077 exibant
710 1039 761 1077 dixit
770 1039 884 1086 parabolam

121 1098 145 1135 ad
160 1097 213 1135 illos:
235 1095 320 1134 5leiit
335 1096 369 1143 qni
384 1096 469 1134 seminat
483 1096 590 1134 seminare:
615 1101 636 1134 et
651 1096 697 1134 dum
719 1096 808 1144 seminat,
830 1096 884 1135 aliud

122 1154 195 1192 cecidit
210 1166 266 1191 secus
280 1153 340 1202 viam,
356 1158 376 1190 et
391 1152 526 1190 conculcatum
541 1160 578 1202 est,
598 1158 618 1190 et
632 1152 722 1191 volucres
738 1153 781 1191 caeli
797 1154 885 1191 comede·

121 1217 168 1249 runt
183 1210 238 1258 illud,
265 1214 276 1247 1
292 1209 321 1247 Et
336 1209 390 1247 aliud
405 1209 476 1248 cecidit
491 1210 551 1256 su'per
565 1214 648 1260 1111111111,
659 1215 679 1248 11
689 1215 756 1248 natum
769 1216 789 1248 et
799 1210 884 1260 exaruit⁷

121 1267 167 1314 quia
182 1280 220 1305 non
235 1266 321 1306 habebat
335 1267 444 1305 humorem.
476 1267 487 1304 7
509 1266 538 1304 Et
553 1267 606 1305 aliud
622 1266 693 1305 cecidit
707 1267 760 1305 inter
775 1267 846 1316 spinas,
863 1272 884 1305 et

121 1329 225 1363 creverunt
241 1324 303 1370 spinae
319 1330 339 1361 et
355 1324 500 1362 suffocaverunt
514 1323 569 1362 illud.
602 1328 612 1362 8
628 1323 657 1361 Ilt
672 1323 725 1361 aliud
737 1323 809 1362 cecidit
823 1337 885 1371 super

121 1387 193 1420 terram
209 1381 280 1420 bonam
296 1387 316 1419 et
331 1380 425 1427 optimam
440 1386 461 1419 11
475 1392 519 1419 cum
533 1381 674 1419 fructificasset
683 1381 731 1419 fecit
740 1381 827 1419 fructum
838 1394 882 1419 111111

120 1439 233 1477 centesimo.
249 1437 300 1476 Haec
311 1438 377 1475 dicens
388 1437 484 1476 clamabat
497 1436 537 1483 Qui
551 1437 612 1476 habet
627 1450 683 1476 aures
699 1437 792 1476 audiendi
807 1437 880 1476 audiat.

121 1500 131 1534 9
148 1495 323 1541 Interrogaverunt
338 1500 404 1533 autem
420 1508 464 1533 eum
479 1494 571 1541 discipuli
587 1495 629 1533 eius
645 1507 689 1541 quae
697 1495 724 1533 sit
731 1494 824 1541 parabola
831 1495 881 1535 haec.

121 1556 146 1591 10
162 1551 209 1599 Ipse
224 1552 291 1599 itaque
300 1551 351 1589 dixit
360 1551 399 1590 illis
407 1551 470 1590 Vobis
481 1550 549 1589 datum
557 1557 588 1590 est
595 1565 652 1590 nosse
658 1552 774 1597 mysterium
780 1552 835 1598 regni
843 1552 881 1601 dei,

119 1610 198 1648 caeteris
213 1620 280 1646 autem
294 1608 315 1646 in
329 1608 433 1657 parabolis,
450 1613 473 1647 ut
488 1608 577 1654 videntes
593 1622 631 1647 non
646 1609 727 1647 videant
744 1614 765 1647 et
779 1608 882 1647 audientes

118 1680 157 1705 non
172 1666 289 1713 intelligant.
321 1669 345 1703 11
362 1665 401 1704 1111
415 1679 462 1704 vero
477 1665 569 1712 parabola
584 1666 627 1705 haec
638 1665 752 1704 seminantis
765 1664 836 1704 Senien
852 1671 883 1705 est

118 1724 200 1763 verbum
215 1723 253 1763 dei.
286 1727 311 1760 12
335 1720 375 1768 Qui
394 1728 459 1760 autem
475 1735 531 1761 secus
547 1724 599 1761 viam
621 1723 713 1761 seminati
736 1730 783 1761 sunt
804 1723 826 1761 hi
848 1723 882 1769 qui

118 1781 201 1819 audiunt
216 1779 304 1828 verbum,
319 1781 375 1818 veuit
389 1785 454 1818 autem
465 1780 554 1818 diabolus
565 1785 585 1819 et
595 1780 649 1819 tollit
659 1780 682 1818 de
693 1780 751 1819 corde
762 1793 829 1819 eorum
839 1793 881 1818 ver·

117 1838 170 1887 burn,
185 1851 210 1876 ne
226 1836 328 1875 credentes
344 1836 450 1876 salventur.
469 1841 494 1875 13
511 1835 551 1883 Qui
565 1850 612 1876 vero
628 1850 687 1883 super
696 1843 778 1886 petram,
788 1838 827 1883 ipsi
835 1842 883 1875 sunt

119 1896 153 1941 qui
175 1907 219 1932 111111
235 1893 318 1932 audiunt
333 1905 376 1932 cum
391 1894 462 1940 gaudio
485 1894 598 1940 percipiunt
618 1893 706 1943 verbum,
730 1900 750 1932 et
770 1894 808 1940 ipsi
830 1894 881 1932 radi-

119 1965 151 1990 ces
166 1965 204 1989 non
219 1951 300 1998 liabent,
326 1951 360 1997 qui
375 1950 400 1988 ad
414 1955 492 1997 tempus
516 1950 596 1989 credent
619 1957 639 1989 et
661 1951 682 1989 in
697 1950 728 1989 die
744 1951 881 1997 temptacionis

120 2009 221 2047 recedunt.
254 2010 279 2045 14
296 2005 354 2052 Quod
369 2012 434 2046 antem
450 2007 522 2046 cecidit
536 2007 557 2045 in
572 2008 640 2055 spinis,
656 2008 676 2047 hi
693 2013 739 2046 sunt
754 2008 788 2054 qui
799 2007 882 2046 audiunt

118 2065 200 2104 verbum
208 2070 228 2102 et
236 2077 247 2102 a
254 2064 419 2104 sollicitudinibus
425 2064 541 2103 diviciarum
547 2070 567 2103 et
574 2064 696 2103 volutatibus
704 2065 752 2104 vitae
759 2065 881 2104 ambulantes

118 2123 239 2162 suffocantur
255 2127 275 2159 et
290 2134 328 2160 non
343 2122 446 2168 perferunt
461 2123 553 2162 fructum.
587 2126 611 2161 15
639 2120 697 2168 Quod
711 2136 758 2161 vero
774 2122 846 2161 cecidit
860 2123 881 2160 in

118 2180 187 2220 bonam
204 2176 283 2228 terram,
298 2178 319 2217 hi
335 2183 381 2217 sunt
397 2180 430 2225 qui
445 2179 466 2217 in
481 2179 539 2218 corde
554 2179 604 2219 bono
620 2180 703 2219 audiunt
712 2180 794 2219 verbum
805 2186 826 2218 et
835 2180 881 2218 reti·

118 2243 166 2276 nent
181 2242 202 2274 et
217 2236 302 2274 afferunt
316 2236 402 2274 1111111111]
421 2247 465 2274 cunr
490 2236 602 2278 tolerancia.
630 2241 654 2276 16
678 2237 741 2276 Nemo
765 2242 830 2275 autem
852 2237 881 2275 lu-

118 2308 196 2334 cernam
212 2306 313 2333 accensam
328 2292 385 2339 ponit
400 2292 437 2331 snb
452 2294 538 2332 modium
554 2298 589 2333 ant
611 2294 646 2334 sub
669 2294 742 2333 lectum
767 2294 802 2332 sed
823 2293 880 2339 ponit

119 2365 161 2391 eam
177 2364 237 2398 super
252 2349 390 2389 candelabrum
405 2358 429 2388 ut
444 2351 532 2390 omnibus
547 2346 618 2390 luceat.
651 2355 676 2390 11
698 2350 766 2389 Nichil
782 2355 813 2389 est
827 2351 879 2388 1111111

118 2408 216 2448 oecultum
232 2408 284 2454 quod
295 2420 333 2446 non
343 2407 488 2458 manifestetur,
503 2421 566 2456 neque
587 2409 690 2449 obscurum
701 2408 753 2455 qnod
763 2421 802 2446 non
812 2421 879 2455 cogno·

118 2472 185 2505 scatur
199 2471 220 2504 et
234 2464 298 2512 palam
313 2465 386 2503 veniat.
419 2469 443 2503 18
474 2464 547 2504 Videte
562 2466 659 2514 quomodo
669 2465 752 2505 auditis:
768 2464 879 2512 quicunque

118 2526 168 2562 enim
184 2523 250 2572 habet,
270 2521 349 2560 dabitur
364 2520 399 2568 illi,
418 2530 439 2560 11
456 2523 566 2570 quicunque
581 2522 698 2572 nonhabet,
716 2528 736 2560 et
755 2522 807 2568 quod
821 2528 880 2569 putat

118 2594 139 2620 se
153 2581 226 2621 habere
242 2579 344 2618 auferetur
359 2578 382 2617 ab
399 2592 427 2619 eo.
445 2581 470 2619 te
487 2579 591 2619 Venerunt
605 2589 670 2619 autem
680 2579 704 2618 ad
712 2585 827 2619 commater
835 2580 878 2618 eius

118 2643 138 2676 11
152 2638 225 2676 fratres
236 2637 303 2675 videre
315 2649 359 2674 eum
377 2641 397 2674 11
407 2650 445 2676 non
456 2643 548 2685 poterant
557 2638 612 2686 loqui
624 2651 667 2676 cum
678 2650 701 2675 eo
711 2643 792 2685 propter
802 2636 876 2677 turbas.

118 2699 144 2733 20
167 2694 287 2733 Nunciatum
303 2699 334 2732 est
349 2707 393 2740 ergo
409 2695 427 2733 11
444 2692 495 2741 Quia
509 2701 573 2734 mater
588 2701 622 2734 tua
637 2701 658 2733 et
679 2695 751 2734 fratres
776 2695 807 2733 tui
828 2694 877 2733 soris

117 2758 171 2791 stant
186 2752 273 2790 volentes
289 2757 309 2789 te
324 2751 398 2791 videre.
429 2756 454 2790 21
478 2752 525 2800 Ipse
541 2760 606 2792 autem
622 2751 742 2800 respondens
765 2752 816 2790 dixit
837 2750 877 2790 illis
