1837 2928
49 72 74 108 G.
88 73 105 107 9.
119 72 146 110 10.
392 71 461 107 Matth.
787 75 812 111 Π

51 199 108 238 Iesus
124 198 243 247 sequebatur
257 210 300 235 eum
317 210 360 236 cum
376 197 478 244 discipulis
502 198 549 236 suis.
574 202 600 236 20
623 197 651 235 Et
675 209 720 236 eece
742 196 814 235 mulier

52 268 96 304 quae
111 254 210 302 sanguinis
225 254 343 300 profluvium
358 254 443 294 habebat
458 255 513 292 annis
528 253 573 292 XII
586 255 668 292 accessit
675 261 728 293 retro
737 261 757 292 et
768 254 813 292 teti-

51 314 81 360 git
88 312 230 350 vestimentum
243 311 295 350 eius:
313 315 338 348 21
356 311 433 350 dicebat
449 312 500 349 enim
514 311 567 349 intra
582 324 603 349 se
613 310 634 349 Si
644 311 727 357 tetigero
735 317 812 349 tantum

51 369 189 407 vestimentum
206 368 254 417 eius,
271 367 324 406 salva
339 381 378 407 ero.
409 367 437 406 Et
452 369 543 407 continuo
559 369 617 406 stetit
635 367 742 413 profluvius
758 381 813 414 sang—

50 425 109 463 uinis.
140 425 169 463 At
184 424 217 462 ille
236 438 341 463 conversus
357 425 409 463 dixit
424 425 525 472 discipulis
541 425 591 464 suis:
615 422 664 470 Quis
680 437 710 462 me
731 425 811 473 tetigit?

51 482 85 520 Illi
100 488 165 521 autem
181 481 281 519 dixerunt:
303 481 370 520 Turba
384 487 404 520 11
420 482 536 529 comprimit,
553 488 573 519 et
588 487 610 520 tn
633 481 692 519 dicis:
716 479 765 526 Quis
781 494 812 519 me

51 539 132 586 tetigit?
161 538 206 577 Non
221 539 273 585 quod
288 538 346 578 turba
368 552 398 577 me
421 539 538 588 comprimit,
562 539 596 577 sed
618 538 689 585 aliquis
712 550 743 576 me
767 538 812 576 teti—

51 596 90 645 git3
114 609 148 644 ego
165 596 215 633 enim
232 596 284 634 sensi
299 596 394 634 virtutem
417 595 507 634 exissea
528 609 564 633 me.
596 596 651 634 Tunc
674 595 745 634 mulier
768 608 811 633 oum

51 653 126 702 scissetl
144 653 195 700 quod
210 665 249 690 non
263 659 331 699 posset
345 652 414 701 latere,
430 654 485 691 venit
503 658 524 690 et
539 652 611 690 cecidit·
625 658 671 689 ante
692 652 753 701 pedes
769 652 811 689 eius

50 716 72 747 et
87 709 144 760 (11111,
160 708 207 756 quid
221 709 301 747 fecisset
316 709 334 747 ei
350 709 445 757 quomodo
464 715 532 747 sanata
547 715 605 747 esset.
629 713 656 746 22
672 708 701 747 At
716 709 748 747 ille
764 722 810 746 con·

52 778 121 803 versus
136 765 187 804 vidit
202 778 244 803 eam
260 772 280 804 11
295 765 346 803 dixit
354 765 450 805 Constans
466 771 508 804 esto
523 765 569 811 filia,
586 766 633 804 fides
652 771 687 803 tua
702 772 721 803 te
737 765 810 803 salvam

50 822 99 860 fecit
114 823 162 860 vade
178 823 198 860 in
213 835 266 868 paee,
290 822 387 861 11111111
403 822 455 860 facta
471 828 502 861 est
509 822 580 860 mulier
595 836 619 860 ex
634 822 730 860 illahora.
748 826 773 859 23
783 821 811 859 111

51 892 95 917 eum
110 880 196 918 venisset
211 878 267 917 lesus
283 880 303 917 in
319 879 397 917 domum
419 879 513 927 principis
529 878 597 917 videns
613 879 705 918 tibicines
729 885 749 916 et
772 884 812 916 tur·

51 936 95 974 bam
109 936 268 982 tumultuantem„
293 936 349 982 dixit,
374 938 400 974 21
416 935 521 974 Recedite:
544 949 582 974 nou
606 942 637 974 est
660 936 711 974 enim
733 942 812 973 mortua

49 992 116 1038 puella
131 993 165 1031 sed
180 993 257 1032 dormit.
289 993 317 1030 Et
332 992 448 1031 deridebant
463 1007 513 1031 eum.
538 997 564 1030 25
580 992 609 1030 Et
624 1006 667 1030 cum
681 992 744 1031 eiecta
759 997 812 1030 esset

51 1049 115 1096 turba,
131 1049 213 1088 intravit
229 1055 249 1088 et
263 1049 328 1087 tenuit
340 1062 418 1087 manum
434 1050 483 1099 eius,
499 1055 520 1087 et
535 1050 622 1088 surrexit
637 1048 708 1095 puella.
733 1053 759 1087 26
783 1049 812 1087 Et

50 1106 115 1144 exivit
129 1106 181 1144 fama
195 1106 239 1144 haec
254 1107 274 1144 in
289 1106 400 1144 universam
416 1112 489 1144 terram
511 1106 571 1144 illam.
596 1107 623 1143 27
646 1105 674 1143 Et
697 1110 812 1144 transeunte

52 1162 97 1200 inde
112 1161 160 1200 Iesu
175 1163 238 1200 secuti
254 1168 300 1200 sunt
315 1176 360 1200 eum
375 1163 413 1200 duo
430 1164 477 1200 oaeci
493 1162 598 1200 clamantes
615 1168 635 1200 et
650 1162 738 1200 dicentes
753 1162 812 1200 blise-

50 1231 93 1256 rere
108 1219 178 1270 nostri,
194 1218 222 1256 fili
235 1218 305 1257 David.
323 1223 349 1256 28
364 1218 393 1256 Et
406 1219 462 1256 venit
476 1220 496 1257 in
512 1219 596 1268 domum,
613 1224 633 1256 et
648 1224 774 1258 accesserunt
789 1218 814 1256 ad

51 1290 95 1313 eum
111 1277 166 1314 caeci:
183 1281 203 1313 et
219 1275 267 1314 dicit
282 1275 321 1313 illis
329 1274 386 1313 Iesus
395 1275 482 1313 Creditis
498 1273 544 1322 quia
553 1289 632 1321 possum
647 1276 685 1313 hoc
699 1276 764 1314 facere
780 1288 814 1313 vo·

49 1331 415 1382 11111111111111111111111,1111111111,
439 1336 465 1369 22
489 1332 544 1369 Tunc
560 1332 627 1379 tetigit
652 1331 717 1370 oeulos
733 1332 812 1370 illorum

50 1389 117 1427 dicens
134 1389 244 1428 Secundum
259 1389 317 1427 fidem
332 1395 418 1427 vestram
438 1389 474 1427 fiat
495 1388 557 1427 vobis.
582 1393 607 1428 30
631 1388 659 1427 111
680 1390 743 1436 aperti
765 1393 811 1427 sunt

51 1446 102 1484 oouli
117 1447 204 1484 illorum:
221 1451 241 1483 et
256 1446 384 1484 comminatus
401 1451 431 1483 est
447 1446 475 1483 cis
490 1445 547 1483 lesus
564 1445 630 1484 dicens
646 1445 718 1484 Videte
734 1446 811 1492 nequis

50 1503 105 1540 sciat.
128 1508 152 1540 31
169 1502 202 1540 Illi
218 1509 283 1540 autem
298 1509 392 1540 exeuntes
408 1502 558 1541 diffamaverunt
574 1516 618 1540 enm
633 1503 654 1540 in
669 1508 731 1540 totam
739 1509 812 1540 terram

49 1560 109 1597 illam.
135 1564 160 1597 32
176 1559 267 1606 Egressis
283 1566 349 1597 antem
364 1559 404 1597 illis
420 1572 464 1596 ecoe
480 1559 594 1597 obtulerunt
613 1559 643 1597 illi
658 1559 757 1597 hominem
772 1573 812 1596 mu-

49 1623 92 1654 tum
114 1622 135 1654 et
157 1616 243 1666 surdum,
267 1616 377 1654 demonium
400 1615 509 1655 habentem.
538 1621 562 1653 33
586 1616 614 1654 111
637 1616 699 1654 eiecto
722 1616 810 1654 demonio

49 1673 127 1711 locutus
150 1679 181 1710 est
200 1679 272 1722 mutus,
297 1679 317 1710 et
339 1674 416 1710 miratae
436 1679 483 1711 sunt
504 1672 568 1711 tnrbee
592 1673 679 1710 dicentes
704 1672 811 1719 Nunquam

49 1731 78 1767 sio
93 1730 184 1776 apparuit
198 1730 219 1766 in
234 1729 303 1767 Israel.
327 1731 353 1766 34
368 1729 468 1767 Pharisaei
483 1737 548 1767 antem
570 1729 661 1768 dicebant
675 1728 700 1767 In
721 1730 810 1776 principe

50 1787 184 1824 demoniorum
209 1786 263 1824 eiicit
286 1786 381 1823 demonia.
413 1790 438 1823 35
469 1786 497 1823 Ee
520 1786 616 1825 circuibat
638 1785 695 1823 Iesus
718 1787 809 1824 civitates

49 1856 115 1881 omnes
131 1848 152 1881 et
167 1842 253 1894 castella,
269 1842 339 1880 docens
355 1843 376 1880 in
391 1843 494 1889 synagogis
510 1855 577 1880 eorum
592 1848 612 1880 et
627 1842 736 1888 praedicans
753 1856 809 1881 evan-

49 1900 121 1947 gelium
136 1900 192 1947 regni
209 1904 228 1937 et
244 1912 313 1937 curans
329 1912 405 1937 omnem
420 1898 533 1945 languorem
549 1905 569 1937 et
583 1900 717 1937 infirmitatem
733 1900 754 1937 in
776 1912 809 1945 po-

49 1956 100 2003 pulo.
126 1961 151 1995 36
167 1956 243 1994 Videns
259 1961 324 1994 autem
340 1955 407 1995 turbas
430 1956 523 1994 misertus
546 1961 576 1993 est
597 1956 642 2005 illis,
670 1957 721 2003 quod
744 1961 811 1994 essent

49 2014 117 2051 uexati
144 2014 231 2051 iacentes
254 2013 306 2051 sicut
326 2026 371 2051 oves
395 2025 434 2050 non
456 2013 551 2051 habentes
573 2019 678 2059 pastorem.
704 2016 729 2051 37
754 2013 809 2050 Tunc

49 2070 98 2108 dicit
113 2070 215 2116 discipulis
231 2070 271 2108 suis
287 2069 359 2107 lllessis
375 2069 454 2116 quidem
469 2070 536 2119 multa,
559 2070 645 2115 operarii
661 2075 726 2108 autem
742 2070 808 2116 pauci:

50 2131 75 2165 38
91 2133 158 2173 rogate
175 2138 221 2174 ergo
237 2126 336 2164 dominnm
351 2126 420 2164 messis
444 2132 468 2164 ut
482 2127 550 2164 mittat
570 2127 669 2173 operarios
692 2127 712 2165 in
727 2140 810 2165 messem

48 2196 109 2221 suain,

105 2236 131 2281 Χ.
165 2244 173 2277 1
199 2238 226 2277 Et
242 2239 354 2277 convocatis
369 2238 414 2277 ΧΠ
429 2238 531 2285 discipulis
554 2240 601 2286 suis,
624 2240 679 2277 dedit
701 2240 810 2286 1111111111-

48 2302 119 2334 statem
142 2296 248 2343 spirituum
269 2295 420 2344 immundornm,
445 2301 468 2332 ut
490 2296 584 2334 1111111111
613 2309 645 2335 eos
676 2303 696 2334 et
718 2301 810 2334 curarent

48 2367 124 2392 omnem
139 2353 267 2392 valitudinem
287 2358 308 2390 11
330 2365 396 2391 omnes
422 2352 553 2391 infirmitates.
578 2358 589 2391 2
614 2352 723 2391 Duodecim
744 2359 810 2391 autem

48 2409 181 2457 apostolorum
196 2410 274 2448 nomina
288 2410 333 2447 11111
348 2416 401 2460 sunt,
416 2408 496 2447 Primus
512 2408 580 2448 Simon
599 2410 633 2459 qui
649 2410 722 2448 dicitur
736 2409 810 2448 Petrus

48 2474 69 2505 et
84 2467 174 2506 Andreas
191 2467 255 2505 frater
270 2467 318 2505 eius¹
343 2470 353 2504 3
377 2466 461 2505 lacobus
477 2467 568 2506 Zebedaei
585 2474 605 2505 et
627 2466 725 2506 lohannes
748 2467 811 2505 frater

47 2524 97 2573 eius,
112 2524 218 2570 Philippus
234 2523 425 2571 etBartholomaeuS,
441 2522 526 2561 Thomas
543 2530 563 2561 11
571 2524 680 2562 Matthaeus
688 2523 809 2572 publicanus,

48 2580 131 2619 Iacobus
151 2580 231 2627 Alphaei
254 2587 274 2619 11
292 2579 410 2629 Thaddaeus,
436 2581 448 2616 4
475 2579 542 2619 Simon
558 2579 680 2619 Chananaeus
706 2587 726 2619 et
749 2579 810 2618 ludas

48 2637 146 2687 Scarioth,
173 2638 207 2684 qui
229 2637 313 2676 tradidit
338 2650 388 2677 eum.
419 2641 429 2674 5
454 2636 497 2676 Hos
520 2637 565 2676 ΧΠ
587 2638 642 2676 misit
663 2632 720 2676 lesus
743 2638 811 2684 praeci-

47 2695 103 2742 piens
120 2695 148 2733 eis
164 2700 184 2732 et
199 2694 265 2733 dicens
280 2694 305 2733 111
320 2694 372 2733 viam
386 2694 476 2741 gencium
491 2708 514 2732 ne
530 2694 625 2745 abieritis,
639 2701 659 2733 et
674 2695 695 2733 in
710 2695 811 2733 ciuitatem

48 2751 216 2790 Samaritanorum
231 2765 255 2790 ne
271 2752 401 2803 intraveritis
418 2755 428 2789 b
446 2752 480 2789 sed
495 2753 561 2798 potius
577 2752 604 2790 111
620 2752 646 2790 ad
661 2765 707 2791 oves
722 2752 810 2799 perditas
