1837 2928
82 81 102 116 0.
115 80 143 114 21.
157 80 184 114 22.
439 81 483 114 Luc.
803 83 840 119 101

82 219 151 253 magna
166 207 186 244 in
201 204 310 245 maiestate,
328 210 354 244 23
369 206 408 244 His
424 212 490 244 autem
505 206 548 243 fieri
563 206 701 252 incipientibus
716 205 841 252 respirabitis

83 269 103 300 et
117 262 208 301 levabitis
225 264 289 308 capita
304 269 376 301 vestra.
408 267 433 300 23
457 263 485 300 111
509 262 560 299 dixit
582 262 621 299 illis
644 262 792 300 similitudinem
807 260 842 298 Vi-

83 318 128 356 dete
155 318 257 356 ficulneam
279 324 300 356 et
326 330 393 357 omnes
419 318 508 374 arbores:
545 322 570 355 30
596 314 639 357 cum
666 319 776 364 producunt
803 318 842 355 iam

82 386 143 412 exse
163 375 256 419 fructum,
279 375 334 412 scitis
350 374 397 420 qnia
417 387 477 420 prope
501 379 532 411 est
554 379 623 415 aestas:
656 379 680 411 31
705 375 734 411 ita
756 380 777 411 et
799 374 842 411 haec

83 442 126 469 cum
148 431 239 470 videritis
262 431 311 477 fieri,
342 431 412 469 scitote
436 432 482 478 quia
505 443 565 477 prope
589 437 619 468 est
643 443 723 477 regnum
747 431 784 468 dei,
816 433 842 467 32

82 488 147 527 Amen
172 488 215 528 dico
240 488 295 534 vobis
321 489 367 536 quia
391 501 430 527 101
451 488 564 535 praeteribit
585 488 687 535 generacio
709 488 753 526 haec
782 486 842 525 donec

82 547 147 584 omnia
161 548 214 587 fiant.
247 552 271 586 33
289 545 364 586 caelum
381 553 401 585 et
415 554 468 585 terra
484 547 586 595 transient,
602 546 662 586 verba
677 551 742 585 autem
750 558 793 600 mea
803 558 842 584 non

82 604 185 644 transient.
218 608 243 643 34
266 605 372 645 Attendite
388 609 453 642 1111111
473 603 567 643 vobisne
583 603 634 642 forte
656 609 762 651 graventur
783 603 842 641 corda

81 669 148 700 vestra
162 663 182 700 in
198 663 277 710 crapula
293 669 313 701 et
328 662 423 701 ebrietate
440 668 460 700 61
481 661 633 708 cogitacionibus
649 661 717 700 saeculi
733 668 753 699 61
775 673 841 707 super·

81 719 148 758 veniat
163 720 183 757 11
198 732 233 757 vos
248 720 352 765 repentina
367 719 409 757 dies
430 718 475 756 illa:
508 723 532 756 31
557 727 649 764 tanquam
671 718 752 764 laquens
775 731 842 764 super·

37 803 38 807 ,
81 776 148 814 veniet
163 777 214 813 enim
237 777 256 813 in
280 789 347 813 onmes
371 776 403 822 qui
427 776 496 812 sedent
518 788 577 820 super
599 776 668 813 faciem
690 776 752 813 omnis
775 782 840 814 terrae.

63 851 66 853 ·
83 835 107 869 33
124 831 212 877 Vigilate
227 832 294 878 itaquo
310 832 363 869 omni
378 838 466 877 tempore
482 837 560 869 orantes
575 836 599 868 ut
609 832 662 877 digni
672 831 784 869 habeamini
794 831 841 868 effu-

81 899 128 935 gere
143 888 183 925 ista
198 889 262 925 omnia
278 899 320 935 quae
335 888 403 925 flatura
418 894 464 924 sunt
480 894 500 924 et
515 887 593 925 stabitis
609 893 653 924 ante
668 888 730 924 filium
750 887 840 924 hominia.

83 946 108 982 37
123 943 174 981 Erat
189 950 253 981 autem
269 944 354 982 interdie
378 944 449 981 docens
464 945 483 981 in
500 944 579 991 templo,
602 939 692 982 noctibus
712 957 759 981 vero
775 944 841 980 exiens

82 1000 199 1038 avocabat-ur
214 1001 234 1037 in
249 1006 315 1038 monte
331 1001 365 1047 qui
380 1006 461 1038 vocatur
480 1000 553 1039 oliveri,
586 1004 611 1038 33
637 1000 742 1039 111111115
758 999 841 1046 populus

81 1056 192 1094 manicabat
207 1056 231 1093 ad
247 1070 291 1094 eum
306 1058 326 1094 in
342 1057 414 1103 templo
430 1057 498 1094 aardire
514 1069 564 1094 eum.

122 1109 206 1160 'XXll
239 1117 246 1150 l
273 1112 451 1160 Appropinquabat
476 1118 540 1158 11111111
564 1112 606 1150 dies
628 1113 734 1151 animorum
757 1112 791 1158 qui
813 1111 841 1149 di-

82 1170 133 1208 eitur
147 1169 226 1218 pascha,
257 1174 269 1207 2
293 1174 313 1208 61
334 1169 448 1216 quaerebant
473 1170 571 1217 principes
594 1169 715 1208 sacerdotum
736 1175 757 1208 11
771 1168 840 1207 scribae

82 1227 178 1280 quomodo
194 1241 237 1266 eum
252 1228 395 1280 interficerent;
419 1227 515 1267 timebant
536 1241 582 1267 vero
604 1228 686 1276 plebem,
719 1232 729 1266 3
755 1227 842 1266 latravit

81 1290 146 1323 autem
161 1286 256 1324 sathanas
272 1286 292 1323 in
307 1285 378 1324 Iudam
393 1286 427 1333 qui
443 1286 615 1333 cognominabatur
626 1285 734 1333 Scariotha¹
750 1299 800 1324 unus
817 1286 841 1323 de

81 1342 193 1382 duodecim:
226 1345 238 1381 4
255 1349 275 1380 et
290 1342 340 1381 abiit
354 1348 374 1381 et
389 1343 466 1382 locutus
482 1350 512 1381 651
527 1355 569 1381 cum
580 1343 702 1390 principibus
718 1343 839 1381 sacerdotum

80 1405 101 1438 et
116 1399 186 1438 scribis
202 1399 364 1445 quemadmodum
379 1400 435 1438 illum
450 1400 538 1438 traderet
557 1400 591 1438 eis.
623 1405 633 1438 5
664 1400 693 1439 Et
713 1401 775 1447 gavisi
794 1406 841 1437 sunt

80 1462 100 1494 et
114 1457 167 1503 pacti
182 1463 229 1494 sunt
243 1457 346 1503 pecuniam
361 1456 391 1495 illi
407 1457 462 1495 dare:
490 1462 500 1496 3
518 1464 539 1495 et
555 1457 657 1503 (maerebat
679 1458 840 1505 oportunitatem,

80 1513 174 1559 temporis
189 1519 213 1551 ut
228 1513 316 1551 traderet
330 1513 386 1551 1111111
402 1514 430 1551 eis
446 1514 568 1554 sinc-turba.
600 1517 611 1552 7
641 1513 704 1552 Venit
719 1519 783 1552 autem
800 1513 841 1551 dies

79 1570 191 1619 animorum,
207 1570 228 1607 in
243 1583 282 1616 qua
296 1583 386 1609 nescesse
402 1576 445 1608 erat
460 1571 522 1609 occidi
537 1571 619 1617 pascha:
638 1574 648 1608 8
666 1577 686 1609 et
696 1571 750 1608 misit
757 1571 840 1608 Petrum

79 1633 100 1663 61
114 1625 221 1664 Iohannem
237 1627 303 1664 dicens
318 1627 394 1664 Euutes
409 1633 478 1673 parate
493 1627 549 1665 nobis
567 1629 640 1673 pascha
655 1637 679 1665 ut
693 1627 837 1667 manducemus.

80 1686 91 1719 3
106 1682 136 1719 At
145 1682 174 1720 illi
185 1682 278 1720 dixerunt
287 1682 327 1721 Ubi
337 1683 367 1720 vis
378 1696 468 1729 paremus
479 1683 529 1721 tibi?
561 1687 585 1720 10
600 1683 628 1720 Et
639 1684 689 1721 (11111
700 1684 723 1720 ad
734 1683 777 1721 illos
787 1683 839 1721 Ecce

79 1738 225 1776 introeuntibus
239 1736 295 1776 vobis
311 1739 330 1776 in
347 1739 448 1776 civitatem
463 1745 553 1777 occurret
566 1738 622 1777 vobis
644 1740 703 1777 homo
726 1740 839 1785 amphoram

79 1806 135 1839 aquae
150 1800 241 1839 portans:
258 1794 363 1839 sequimini
379 1808 422 1832 eum
438 1795 458 1832 in
474 1795 552 1833 domum
567 1796 588 1832 in
604 1809 661 1841 quam
676 1797 745 1844 intrat,
778 1799 800 1832 11
819 1802 840 1832 61

79 1850 148 1888 dicetis
164 1850 316 1896 patrifamilias
331 1851 387 1888 Dicit
401 1851 438 1890 tibi
450 1852 544 1898 magister
558 1851 598 1890 Ubi
614 1856 644 1889 est
661 1851 789 1890 diversorium
804 1851 839 1889 ubi

77 1907 151 1952 pascha
166 1920 208 1945 oum
225 1906 327 1953 discipulis
342 1907 391 1946 meis
406 1908 536 1946 mandacem?
569 1912 594 1945 12
609 1907 637 1945 Et
652 1907 685 1946 ille
700 1908 755 1946 vobis
775 1914 839 1945 osten-

78 1964 112 2003 det
126 1964 297 2012 in'supcrioribus
311 1965 376 2004 locum
391 1971 475 2004 stratum
490 1979 586 2016 magnum,
603 1965 630 2006 ibi
646 1972 721 2013 parate.
745 1970 769 2004 13
786 1965 839 2004 111111-

80 2032 110 2062 165
130 2028 196 2062 autem
218 2023 336 2062 invenerunt
357 2024 409 2063 sicut
424 2024 475 2063 dixit
501 2024 546 2073 illis,
573 2030 594 2063 et
617 2030 737 2072 paraverunt
757 2024 837 2072 pascha.

80 2083 105 2118 la
135 2080 163 2118 Et
178 2093 221 2119 cum
236 2081 289 2119 facta
305 2083 357 2119 es'set
377 2081 433 2131 hora,
456 2082 562 2131 discubuit,
588 2090 609 2121 et
629 2083 713 2130 apostoli
736 2096 779 2121 cum
797 2082 837 2122 illo.

79 2140 103 2175 15
134 2136 162 2174 Et
185 2138 212 2175 ait
227 2137 266 2175 illis
282 2137 386 2177 Desiderio
410 2139 520 2177 desideravi
542 2140 579 2178 hoc
598 2141 716 2178 manducare
738 2140 838 2179 vobiscum

77 2200 122 2231 ante
138 2206 196 2239 equam
211 2194 286 2239 patiar:
311 2198 336 2232 16
353 2194 396 2233 dico
412 2196 464 2233 enim
478 2196 534 2234 vobis
550 2197 596 2243 quia
611 2197 649 2234 iam
665 2211 703 2235 non
718 2196 837 2235 manducabo

76 2249 125 2288 illud
141 2250 227 2296 qnandiu
242 2250 347 2297 impleatur
362 2251 381 2288 in
398 2265 457 2299 regno
474 2253 512 2290 dei.
546 2257 570 2291 17
589 2252 617 2291 Et
632 2255 708 2300 accepit
723 2253 802 2291 calicem
817 2259 838 2291 et

76 2308 151 2354 gracias
167 2307 206 2354 egit
222 2313 242 2345 et
258 2307 308 2345 dixit
323 2308 415 2354 Accipite
430 2309 467 2347 hoc
483 2315 503 2347 et
517 2309 580 2349 bibite
595 2310 647 2348 inter
662 2322 709 2349 vos:
742 2313 765 2347 13
793 2309 836 2348 dico

77 2365 127 2403 enim
142 2364 198 2403 vobis
213 2367 305 2410 quoniam
320 2378 358 2402 non
373 2364 438 2403 bibam
462 2380 473 2404 a
495 2367 622 2413 generacione
644 2367 692 2406 vitis
707 2366 793 2413 quandiu
808 2380 837 2405 re-

75 2434 134 2467 gnum
149 2421 181 2460 dei
195 2422 267 2461 veniat.
300 2421 464 2469 101111116110
486 2436 535 2469 pane
554 2425 630 2471 gracias
653 2437 711 2470 agens
734 2423 794 2470 fregit
817 2429 837 2461 ct

39 2499 42 2503 ·
76 2478 132 2517 dedit
147 2479 175 2517 eis
191 2478 257 2516 dicens
273 2478 318 2516 Hoc
333 2483 364 2515 est
380 2491 450 2525 corpus
466 2492 530 2518 meum
553 2481 605 2527 quod
627 2494 663 2527 pro
685 2480 741 2520 vobis
766 2480 835 2520 datur:

75 2535 113 2573 hoc
127 2535 187 2573 facite
202 2535 223 2573 in
238 2548 300 2573 meam
316 2537 527 2576 commemoracionem.
559 2541 585 2575 20
609 2536 708 2588 Similiter
721 2543 741 2575 et
757 2537 837 2575 calicem

74 2597 179 2637 postquam
195 2593 284 2640 caenavit,
301 2591 367 2629 dicens
383 2592 424 2630 Hic
439 2599 470 2631 est
486 2593 536 2632 calix
552 2594 597 2632 novi
607 2594 721 2632 testamenti
737 2594 836 2640 sanguinis

75 2642 121 2699 inei,
137 2649 170 2693 qui
185 2662 220 2694 pro
236 2648 291 2687 vobis
308 2647 424 2688 effiindctur.
456 2653 480 2687 21
499 2649 574 2688 Verum
589 2662 633 2688 ecce
649 2651 683 2696 qui
697 2663 773 2693 mecum
784 2664 837 2688 mau-

75 2704 134 2742 ducat
154 2710 175 2741 et
198 2716 274 2742 mecum
299 2705 363 2742 mittit
387 2718 465 2742 manum
488 2706 508 2743 in
533 2719 618 2744 mensam
640 2707 682 2752 ipse
707 2720 738 2744 me
763 2707 835 2744 tradet.

75 2765 102 2797 22
117 2760 145 2797 Et
159 2761 212 2798 filius
229 2761 306 2807 quidem
322 2761 406 2799 hominis
422 2762 529 2800 secundum
545 2763 596 2809 quod
618 2763 713 2809 scriptum
729 2769 760 2800 651
774 2763 835 2812 vadit,
