1837 2928
68 71 87 106 0.
100 69 129 104 11
144 68 171 104 ia.
403 64 472 100 11011.
803 72 827 107 19

66 197 144 236 turbam
160 193 281 242 discumbere
304 205 363 242 super
385 193 459 243 fenum,
482 193 567 239 acceptis
591 192 678 239 quinque
700 192 785 239 panibus
808 198 828 232 et

68 253 142 292 duobus
157 251 244 298 piscibus
260 251 357 296 aspiciens
373 251 393 288 in
409 249 478 289 caelum
493 249 603 300 benedixit7
627 249 722 297 etfregit
737 257 757 288 et
773 251 829 289 dedit

67 308 169 354 discipulis
185 308 226 345 suis
233 320 300 359 panes,
316 307 407 355 discipuli
423 312 488 346 autem
496 306 566 346 turbis.
584 309 610 344 20
626 305 654 344 Et
662 306 828 346 manducaverunt

68 378 133 404 omnes
156 368 176 403 et
195 364 279 402 saturati
300 370 352 405 sunt.
393 364 421 405 Et
445 364 534 403 tulerunt
555 362 656 414 reliquias,
686 362 731 401 XII
751 365 827 403 cofinos

67 422 220 469 fragmentorum
242 420 316 467 plenos.
340 426 365 459 21
389 421 553 462 Manducancium
579 425 644 458 autem
668 419 709 458 fuit
736 435 828 461 numerus

67 478 222 525 quinquemillia
234 478 327 529 uirorum¹
337 479 424 524 exceptis
432 480 498 525 pueris
506 484 526 516 et
533 477 654 517 mulieribus.
673 481 700 514 22
716 476 743 515 hc
758 479 826 517 statim

66 535 123 574 Iesus
139 535 198 573 iussit
213 534 319 583 discipulos
335 549 380 574 suos
387 536 491 574 ascendere
503 536 523 573 in
531 532 622 574 navicula
630 539 649 573 et
661 535 774 580 praecedere
782 549 826 574 eum

66 600 120 630 trans
136 593 215 640 fretum,
232 592 293 631 donec
307 593 349 640 ipse
366 592 475 631 dimitteret
491 592 564 631 turbas¹
585 595 610 629 23
626 591 655 629 Et
670 591 751 630 dimissa
767 593 825 632 turba

67 649 155 688 ascendit
176 650 197 687 in
219 657 285 687 monte
307 649 360 688 solus
376 662 436 688 orare.
461 649 550 696 Vespere
566 656 631 686 autem
646 649 698 687 facto
714 649 767 687 solus
783 658 826 688 erat

66 706 100 746 ibi.
122 709 148 743 24
164 705 261 744 Navicula
276 713 341 745 autem
357 707 395 744 iam
410 707 430 745 in
446 707 510 745 medio
525 706 575 744 mari
596 706 707 744 iactabatur
721 706 825 746 fiuctibus:

67 769 110 800 erat
125 763 177 800 enim
191 763 232 801 illis
247 768 317 801 ventus
333 764 449 803 contrarius.
467 768 491 803 25
508 761 583 808 Quarta
599 768 664 800 autem
679 762 747 809 vigilia
762 764 826 802 noctis

66 820 121 858 venit
136 820 160 857 ad
176 832 208 857 cos
224 818 280 857 Iesus
296 819 396 858 ambulans
411 833 471 866 supra
493 833 553 858 mare.
577 823 602 857 23
626 818 655 856 Et
676 819 765 857 videntes
782 832 826 858 eum

67 889 126 923 supra
143 889 197 914 mare
220 873 353 915 ambulantem
375 877 451 916 turbati
473 883 526 926 sunt,
550 876 637 914 dicentes
661 876 707 921 quia
729 876 827 915 fantasma

67 939 102 982 est,
119 938 140 970 et
154 946 196 979 prae
211 933 281 971 timore
296 934 435 973 clamaverunt.
460 937 486 972 27
503 932 614 979 Statimque
629 932 687 970 lesus
702 933 779 971 locutus
796 940 828 972 est

67 990 94 1027 eis
111 989 176 1027 dicens
192 989 270 1029 Habete
285 991 387 1029 fiduciam:
403 1004 438 1038 ego
454 1004 502 1037 sum,
519 989 580 1028 nolite
596 990 673 1027 timere.
697 992 722 1027 28
739 989 827 1036 Respon-

67 1046 114 1084 dens
128 1051 193 1084 autem
208 1046 281 1085 Petrus
297 1048 349 1086 dixit
364 1048 454 1093 Domine,
470 1048 487 1085 si
502 1052 525 1085 tu
540 1059 560 1085 es
576 1046 621 1085 iube
637 1059 667 1083 me
682 1046 750 1084 venire
766 1047 790 1084 ad
806 1053 825 1085 te

66 1114 215 1150 superaquam.
240 1108 266 1142 29
289 1104 318 1142 At
340 1104 382 1151 ipse
405 1105 434 1142 ait
448 1104 506 1142 Veni.
536 1103 565 1141 Ei.
580 1102 698 1141 descendens
713 1102 786 1141 Petrus
802 1104 826 1142 de

66 1159 156 1198 navicula
171 1159 282 1198 ambulabat
297 1173 356 1208 super
371 1173 441 1206 aquam
456 1166 479 1198 111
493 1160 571 1198 veniret
586 1159 610 1197 ad
617 1158 690 1199 Iesum.
708 1163 733 1197 30
750 1159 826 1198 Videns

66 1228 112 1254 vero
128 1221 208 1254 ventum
223 1216 310 1254 validum
326 1219 398 1264 timuit,
423 1222 443 1255 et
461 1230 505 1254 oum
520 1216 618 1261 coepisset
632 1229 719 1261 mergere
735 1216 827 1254 clamavit

66 1272 132 1310 dicens
158 1272 248 1322 Domine,
277 1273 329 1312 salva
354 1287 391 1312 me.
425 1277 449 1312 31
480 1272 509 1311 Et
533 1273 625 1311 continuo
650 1271 708 1310 Iesus
737 1273 826 1311 extendit

66 1342 144 1366 manum
170 1335 190 1366 et
215 1330 344 1376 apprehendit
368 1330 430 1375 illum,
454 1335 474 1368 et
497 1330 525 1367 ait
546 1329 575 1367 illi
590 1328 675 1367 hlodicae
690 1328 742 1376 fidei,
766 1342 826 1375 quare

66 1385 174 1423 dubitasti?
197 1390 222 1423 32
243 1386 271 1424 Et
287 1398 330 1424 oum
345 1387 466 1425 ascendisset
481 1382 501 1424 in
517 1385 633 1431 naviculam,
649 1385 733 1423 cessarit
747 1391 825 1426 ventus,

67 1446 92 1480 33
116 1439 155 1487 Qui
178 1448 243 1480 autem
266 1444 286 1481 in
306 1444 397 1481 navicula
416 1448 473 1481 erant
486 1448 584 1480 venerunt
599 1447 619 1479 et
635 1441 767 1481 adoraverunt
782 1455 825 1480 eum

66 1498 153 1537 dicentes
175 1498 228 1536 Vere
251 1499 302 1537 filius
324 1499 356 1537 dei
371 1506 408 1538 est.
440 1502 465 1537 34
495 1498 523 1537 Et
545 1512 589 1536 cum
611 1499 774 1536 transfretassent
794 1500 824 1537 in-

65 1554 95 1601 de,
111 1561 208 1593 venerunt
221 1556 242 1593 in
257 1562 331 1595 terram
346 1555 453 1595 Gennesar.
478 1560 503 1594 35
526 1555 554 1593 Et
570 1569 613 1593 cum
629 1556 765 1602 cognovissent
781 1568 825 1593 eum

64 1612 103 1649 viri
117 1611 155 1650 loci
170 1611 231 1656 illius,
247 1613 354 1651 adorabant
369 1627 414 1651 eum
429 1618 450 1651 et
457 1613 554 1651 miserunt
570 1612 591 1649 in
605 1612 717 1650 universam
726 1613 824 1659 regionem

66 1667 126 1714 illam,
142 1674 163 1706 et
178 1668 291 1707 obtulerunt
307 1671 325 1708 ei
340 1683 406 1708 omnes
421 1669 471 1707 male
486 1669 588 1717 habentes,
605 1674 625 1706 et
640 1668 736 1714 rogabant
751 1680 794 1706 eum
802 1675 825 1706 ut

64 1724 95 1763 vel
110 1724 205 1763 fimbriam
220 1726 334 1764 vestimenti
349 1727 392 1765 eius
412 1731 524 1773 tangerent:
548 1731 569 1763 et
583 1725 694 1772 quicunque
716 1725 825 1772 tetigerunt

65 1781 114 1820 salvi
128 1782 177 1820 facti
192 1788 244 1822 sunt.

12 1886 15 1889 v
123 1835 168 1881 XV.
201 1842 210 1876 1
238 1838 293 1877 Τ11110
308 1845 433 1878 abcesserunt
454 1839 538 1877 adeum
561 1838 630 1878 scribae
649 1845 670 1878 01
687 1840 786 1878 Pharisaei
801 1841 826 1879 ab

64 1894 191 1940 lerosolymis
207 1895 294 1934 dicentes
310 1901 323 1935 2
339 1894 405 1942 Quare
421 1895 512 1943 discipuli
528 1896 558 1934 tui
573 1896 747 1944 transgrediuntur
763 1897 826 1935 tradi-

65 1953 139 1990 cionem
155 1953 268 1991 seniorum?
283 1967 323 1992 non
338 1955 389 1992 enim
404 1954 471 1992 lavant
484 1966 553 1991 manus
569 1966 615 1991 suas
630 1966 674 1991 cum
688 1967 758 2000 panem
773 1967 826 1992 man-

67 2008 144 2047 ducant.
163 2013 173 2046 3
190 2008 236 2057 Ipse
252 2015 317 2048 autem
332 2010 435 2058 respondit
449 2009 489 2048 illis
499 2007 564 2054 Quare
580 2016 601 2048 et
615 2023 650 2048 vos
666 2010 825 2056 transgredimini

64 2065 178 2103 mandatum
200 2066 232 2103 dei
246 2073 328 2112 propter
349 2066 479 2105 tradicionem
500 2068 602 2105 vestram?
631 2066 682 2104 Nam
703 2067 751 2104 deus
774 2066 825 2105 dixit

65 2124 78 2159 4
92 2121 174 2159 Honora
188 2127 265 2167 patrem
280 2128 336 2160 tuum
352 2130 372 2160 et
386 2128 469 2160 matrem
477 2128 538 2171 tuam,
556 2128 576 2159 et
585 2121 624 2167 Qui
634 2122 758 2160 maledixerit
772 2117 825 2168 patri

66 2183 101 2215 aut
113 2177 178 2223 matri,
188 2179 361 2218 mortemoriatur.
379 2183 389 2216 5
405 2178 448 2217 Vos
464 2184 528 2217 autem
538 2178 605 2216 dicitis
621 2176 737 2226 Quicunque
753 2178 827 2216 dixerit

65 2234 117 2280 patri
132 2233 163 2272 vel
181 2234 240 2272 matri
255 2234 328 2273 Munus
343 2235 471 2283 quodcunque
487 2242 518 2273 est
533 2248 557 2273 ex
574 2249 605 2273 1110
620 2235 657 2274 tibi
671 2235 766 2281 proderit,
784 2239 825 2273 601

65 2304 103 2330 11011
118 2291 235 2330 honorificat
249 2298 325 2338 patrem
340 2304 397 2330 suum
413 2298 434 2330 et
444 2297 526 2330 matrem
541 2301 606 2330 suam:
624 2297 644 2330 et
658 2292 737 2329 irritum
748 2291 824 2329 fecistis

64 2348 176 2386 mandatum
193 2349 223 2386 dei
239 2350 321 2395 propter
335 2349 463 2387 tradicionem
478 2355 570 2388 vestram.
596 2350 607 2387 7
629 2345 755 2395 Η11110011100-1
774 2349 824 2386 bene

64 2405 191 2452 prophetavit
207 2405 230 2443 de
245 2404 301 2444 vobis
315 2404 387 2443 Ysaias
404 2406 469 2444 dicens
487 2409 497 2443 3
513 2404 573 2444 Plebs
588 2406 632 2443 haec
646 2404 703 2443 labiis
719 2419 750 2443 me
765 2404 826 2443 hono·

65 2468 101 2512 rat,
118 2475 152 2500 cor
166 2468 232 2500 autem
248 2476 315 2501 eorum
329 2462 385 2510 longe
401 2468 431 2500 est
446 2476 458 2500 a
472 2474 512 2501 me:
533 2467 543 2501 0
560 2463 602 2501 sine
618 2474 677 2500 causa
685 2466 751 2500 autem
759 2461 826 2500 colunt

65 2532 96 2557 me
111 2516 204 2558 docentes
220 2519 319 2558 doctrinas
335 2526 355 2558 et
369 2520 461 2557 mandata
482 2520 590 2561 hominum.
616 2523 641 2558 10
663 2519 691 2557 Et
713 2519 824 2558 convocatis

65 2576 89 2614 ad
104 2589 125 2614 se
141 2575 205 2615 turbis
221 2576 273 2615 dixit
289 2576 413 2616 illisAndite
429 2582 449 2615 et
464 2576 575 2625 intelligite.
599 2579 621 2614 11
639 2575 685 2615 Non
696 2576 747 2624 quod
762 2576 825 2614 intrat

64 2634 85 2672 in
101 2646 122 2677 os
138 2634 252 2682 coinquinat
265 2635 376 2687 hominem3
392 2634 427 2673 sed
442 2634 494 2682 quod
509 2633 599 2681 procedit
614 2646 638 2672 01
657 2647 696 2680 ore,
720 2632 757 2672 hoo
772 2646 824 2671 com-

64 2692 152 2730 municat
166 2692 271 2732 hominem.
290 2696 315 2730 12
331 2692 386 2730 Tunc
401 2691 516 2732 accedentes
533 2690 625 2738 discipuli
640 2692 683 2729 eius
699 2688 792 2729 dixerunt
806 2690 825 2728 01

65 2747 108 2787 Scis
124 2749 170 2795 quia
184 2748 283 2788 Pharisaei
299 2749 365 2787 audito
381 2749 418 2787 hoc
437 2748 497 2787 verbo
519 2748 646 2787 scandalizati
669 2749 729 2788 sunt?
755 2751 778 2786 13
795 2748 825 2785 At

63 2804 120 2844 Iesus
135 2805 255 2853 respondens
270 2806 299 2844 ait
314 2805 383 2846 Omnis
398 2806 495 2853 plantacio
512 2819 569 2852 quam
592 2818 629 2843 non
649 2804 746 2852 plantavit
767 2809 824 2850 pater
