<?xml version="1.0" encoding="UTF-8"?>
<!DOCTYPE html PUBLIC "-//W3C//DTD XHTML 1.0 Transitional//EN"
    "http://www.w3.org/TR/xhtml1/DTD/xhtml1-transitional.dtd">
<html xmlns="http://www.w3.org/1999/xhtml" xml:lang="en" lang="en">
 <head>
  <title>
</title>
<meta http-equiv="Content-Type" content="text/html;charset=utf-8" />
  <meta name='ocr-system' content='tesseract 3.04.00' />
  <meta name='ocr-capabilities' content='ocr_page ocr_carea ocr_par ocr_line ocrx_word'/>
</head>
<body>
  <div class='ocr_page' id='page_1' title='image "MN41417ucmf_6_0088.png"; bbox 0 0 1869 2914; ppageno 0'>
   <div class='ocr_carea' id='block_1_1' title="bbox 109 44 867 101">
    <p class='ocr_par' dir='ltr' id='par_1_1' title="bbox 109 44 867 101">
     <span class='ocr_line' id='line_1_1' title="bbox 109 44 867 101; baseline -0.003 -20"><span class='ocrx_word' id='word_1_1' title='bbox 109 52 135 87; x_wconf 77' lang='grc'>66</span> <span class='ocrx_word' id='word_1_2' title='bbox 285 98 287 101; x_wconf 27' lang='grc' dir='ltr'>Ι</span> <span class='ocrx_word' id='word_1_3' title='bbox 436 44 472 81; x_wconf 83' lang='lat' dir='ltr'>Er.</span> <span class='ocrx_word' id='word_1_4' title='bbox 484 55 520 81; x_wconf 82' lang='grc'><strong>501.</strong></span> <span class='ocrx_word' id='word_1_5' title='bbox 818 45 837 81; x_wconf 81' lang='lat' dir='ltr'>O.</span> <span class='ocrx_word' id='word_1_6' title='bbox 851 48 867 80; x_wconf 86' lang='grc'>1.</span> 
     </span>
    </p>
   </div>
   <div class='ocr_carea' id='block_1_2' title="bbox 103 170 913 2837">
    <p class='ocr_par' dir='ltr' id='par_1_2' title="bbox 103 170 913 2837">
     <span class='ocr_line' id='line_1_2' title="bbox 105 170 867 220; baseline 0 -10"><span class='ocrx_word' id='word_1_7' title='bbox 105 172 126 210; x_wconf 90' lang='grc'>11</span> <span class='ocrx_word' id='word_1_8' title='bbox 141 170 191 210; x_wconf 91' lang='lat' dir='ltr'>filios</span> <span class='ocrx_word' id='word_1_9' title='bbox 207 174 227 209; x_wconf 94' lang='lat' dir='ltr'>et</span> <span class='ocrx_word' id='word_1_10' title='bbox 242 170 368 211; x_wconf 79' lang='lat' dir='ltr'>incredibiles</span> <span class='ocrx_word' id='word_1_11' title='bbox 384 172 409 210; x_wconf 88' lang='lat' dir='ltr'>ad</span> <span class='ocrx_word' id='word_1_12' title='bbox 423 172 549 219; x_wconf 75' lang='lat' dir='ltr'>prudenciam</span> <span class='ocrx_word' id='word_1_13' title='bbox 569 172 672 220; x_wconf 74' lang='lat' dir='ltr'>iustorum,</span> <span class='ocrx_word' id='word_1_14' title='bbox 697 184 766 218; x_wconf 87' lang='lat' dir='ltr'>parare</span> <span class='ocrx_word' id='word_1_15' title='bbox 789 172 867 211; x_wconf 91' lang='lat' dir='ltr'>domino</span> 
     </span>
     <span class='ocr_line' id='line_1_3' title="bbox 106 227 867 277; baseline 0.003 -11"><span class='ocrx_word' id='word_1_16' title='bbox 106 227 182 275; x_wconf 81' lang='lat' dir='ltr'>plebem</span> <span class='ocrx_word' id='word_1_17' title='bbox 197 228 312 275; x_wconf 87' lang='lat' dir='ltr'>perfectam.</span> <span class='ocrx_word' id='word_1_18' title='bbox 339 233 363 268; x_wconf 81' lang='lat'>18</span> <span class='ocrx_word' id='word_1_19' title='bbox 382 229 410 267; x_wconf 90' lang='lat' dir='ltr'>Et</span> <span class='ocrx_word' id='word_1_20' title='bbox 425 230 476 268; x_wconf 79' lang='lat' dir='ltr'>dixit</span> <span class='ocrx_word' id='word_1_21' title='bbox 490 229 597 267; x_wconf 77' lang='lat' dir='ltr'>Zacharias</span> <span class='ocrx_word' id='word_1_22' title='bbox 613 229 638 267; x_wconf 87' lang='lat' dir='ltr'>ad</span> <span class='ocrx_word' id='word_1_23' title='bbox 653 229 742 277; x_wconf 81' lang='lat' dir='ltr'>angelum</span> <span class='ocrx_word' id='word_1_24' title='bbox 757 228 815 268; x_wconf 88' lang='lat' dir='ltr'>Unde</span> <span class='ocrx_word' id='word_1_25' title='bbox 829 229 867 268; x_wconf 91' lang='lat' dir='ltr'>hoc</span> 
     </span>
     <span class='ocr_line' id='line_1_4' title="bbox 107 285 868 337; baseline 0.003 -14"><span class='ocrx_word' id='word_1_26' title='bbox 107 285 180 324; x_wconf 81' lang='lat' dir='ltr'>sciam?</span> <span class='ocrx_word' id='word_1_27' title='bbox 206 298 241 332; x_wconf 84' lang='lat' dir='ltr'>ego</span> <span class='ocrx_word' id='word_1_28' title='bbox 257 286 309 324; x_wconf 89' lang='lat' dir='ltr'>enim</span> <span class='ocrx_word' id='word_1_29' title='bbox 324 300 367 325; x_wconf 86' lang='lat' dir='ltr'>sum</span> <span class='ocrx_word' id='word_1_30' title='bbox 383 300 450 337; x_wconf 76' lang='lat' dir='ltr'>senex,</span> <span class='ocrx_word' id='word_1_31' title='bbox 475 292 496 325; x_wconf 89' lang='lat' dir='ltr'>et</span> <span class='ocrx_word' id='word_1_32' title='bbox 510 298 561 325; x_wconf 81' lang='lat' dir='ltr'>uxor</span> <span class='ocrx_word' id='word_1_33' title='bbox 576 300 620 325; x_wconf 86' lang='lat' dir='ltr'>mea</span> <span class='ocrx_word' id='word_1_34' title='bbox 634 287 731 332; x_wconf 86' lang='lat' dir='ltr'>processit</span> <span class='ocrx_word' id='word_1_35' title='bbox 754 286 774 324; x_wconf 92' lang='lat' dir='ltr'>in</span> <span class='ocrx_word' id='word_1_36' title='bbox 797 285 868 325; x_wconf 90' lang='lat' dir='ltr'>diebus</span> 
     </span>
     <span class='ocr_line' id='line_1_5' title="bbox 107 342 868 392; baseline 0.001 -11"><span class='ocrx_word' id='word_1_37' title='bbox 107 343 154 382; x_wconf 89' lang='lat' dir='ltr'>suis.</span> <span class='ocrx_word' id='word_1_38' title='bbox 188 347 212 381; x_wconf 84' lang='lat'>19</span> <span class='ocrx_word' id='word_1_39' title='bbox 240 343 269 381; x_wconf 90' lang='lat' dir='ltr'>Et</span> <span class='ocrx_word' id='word_1_40' title='bbox 283 344 403 392; x_wconf 88' lang='lat' dir='ltr'>respondens</span> <span class='ocrx_word' id='word_1_41' title='bbox 419 343 499 391; x_wconf 83' lang='lat' dir='ltr'>angelus</span> <span class='ocrx_word' id='word_1_42' title='bbox 516 343 567 382; x_wconf 82' lang='lat' dir='ltr'>dixit</span> <span class='ocrx_word' id='word_1_43' title='bbox 582 344 600 382; x_wconf 84' lang='lat' dir='ltr'>ei</span> <span class='ocrx_word' id='word_1_44' title='bbox 615 342 657 390; x_wconf 89' lang='lat' dir='ltr'>Ego</span> <span class='ocrx_word' id='word_1_45' title='bbox 673 357 715 381; x_wconf 88' lang='lat' dir='ltr'>snm</span> <span class='ocrx_word' id='word_1_46' title='bbox 732 342 812 383; x_wconf 81' lang='lat' dir='ltr'>Gabriel</span> <span class='ocrx_word' id='word_1_47' title='bbox 834 344 868 392; x_wconf 88' lang='lat' dir='ltr'>qui</span> 
     </span>
     <span class='ocr_line' id='line_1_6' title="bbox 107 400 867 450; baseline 0.003 -12"><span class='ocrx_word' id='word_1_48' title='bbox 107 405 149 438; x_wconf 89' lang='lat' dir='ltr'>asto</span> <span class='ocrx_word' id='word_1_49' title='bbox 165 406 210 439; x_wconf 89' lang='lat' dir='ltr'>ante</span> <span class='ocrx_word' id='word_1_50' title='bbox 226 401 331 450; x_wconf 80' lang='lat' dir='ltr'>dominum,</span> <span class='ocrx_word' id='word_1_51' title='bbox 348 407 369 439; x_wconf 88' lang='lat' dir='ltr'>et</span> <span class='ocrx_word' id='word_1_52' title='bbox 383 401 454 440; x_wconf 82' lang='lat' dir='ltr'>missus</span> <span class='ocrx_word' id='word_1_53' title='bbox 470 415 514 440; x_wconf 87' lang='lat' dir='ltr'>sum</span> <span class='ocrx_word' id='word_1_54' title='bbox 529 401 554 439; x_wconf 87' lang='lat' dir='ltr'>ad</span> <span class='ocrx_word' id='word_1_55' title='bbox 569 406 589 439; x_wconf 89' lang='lat' dir='ltr'>te</span> <span class='ocrx_word' id='word_1_56' title='bbox 605 400 658 446; x_wconf 88' lang='lat' dir='ltr'>loqui</span> <span class='ocrx_word' id='word_1_57' title='bbox 674 406 695 439; x_wconf 92' lang='lat' dir='ltr'>et</span> <span class='ocrx_word' id='word_1_58' title='bbox 709 400 753 439; x_wconf 86' lang='lat' dir='ltr'>haec</span> <span class='ocrx_word' id='word_1_59' title='bbox 766 401 867 440; x_wconf 80' lang='grc'><strong>11110101-</strong></span> 
     </span>
     <span class='ocr_line' id='line_1_7' title="bbox 106 456 868 505; baseline 0.003 -10"><span class='ocrx_word' id='word_1_60' title='bbox 106 457 196 505; x_wconf 85' lang='lat' dir='ltr'>geliaare.</span> <span class='ocrx_word' id='word_1_61' title='bbox 228 462 254 496; x_wconf 79' lang='lat'>20</span> <span class='ocrx_word' id='word_1_62' title='bbox 278 456 307 496; x_wconf 88' lang='lat' dir='ltr'>Et</span> <span class='ocrx_word' id='word_1_63' title='bbox 322 470 365 496; x_wconf 85' lang='lat' dir='ltr'>ecoe</span> <span class='ocrx_word' id='word_1_64' title='bbox 382 458 421 496; x_wconf 86' lang='grc'><strong>0115</strong></span> <span class='ocrx_word' id='word_1_65' title='bbox 437 464 503 497; x_wconf 87' lang='lat' dir='ltr'>tacens</span> <span class='ocrx_word' id='word_1_66' title='bbox 520 464 540 497; x_wconf 88' lang='lat' dir='ltr'>et</span> <span class='ocrx_word' id='word_1_67' title='bbox 554 471 594 496; x_wconf 92' lang='lat' dir='ltr'>non</span> <span class='ocrx_word' id='word_1_68' title='bbox 609 458 684 505; x_wconf 86' lang='lat' dir='ltr'>poteris</span> <span class='ocrx_word' id='word_1_69' title='bbox 699 457 754 504; x_wconf 87' lang='lat' dir='ltr'>loqui</span> <span class='ocrx_word' id='word_1_70' title='bbox 768 471 831 504; x_wconf 88' lang='lat' dir='ltr'>usqne</span> <span class='ocrx_word' id='word_1_71' title='bbox 847 459 868 497; x_wconf 94' lang='lat' dir='ltr'>in</span> 
     </span>
     <span class='ocr_line' id='line_1_8' title="bbox 108 514 867 562; baseline 0 -9"><span class='ocrx_word' id='word_1_72' title='bbox 108 515 159 553; x_wconf 85' lang='lat' dir='ltr'>diem</span> <span class='ocrx_word' id='word_1_73' title='bbox 175 528 213 561; x_wconf 86' lang='lat' dir='ltr'>quo</span> <span class='ocrx_word' id='word_1_74' title='bbox 228 515 272 553; x_wconf 84' lang='lat' dir='ltr'>haec</span> <span class='ocrx_word' id='word_1_75' title='bbox 286 515 341 561; x_wconf 82' lang='lat' dir='ltr'>fiant,</span> <span class='ocrx_word' id='word_1_76' title='bbox 356 520 439 561; x_wconf 88' lang='lat' dir='ltr'>propter</span> <span class='ocrx_word' id='word_1_77' title='bbox 452 516 490 554; x_wconf 88' lang='lat' dir='ltr'>hoe</span> <span class='ocrx_word' id='word_1_78' title='bbox 506 515 557 561; x_wconf 88' lang='lat' dir='ltr'>quod</span> <span class='ocrx_word' id='word_1_79' title='bbox 573 527 611 553; x_wconf 90' lang='lat' dir='ltr'>non</span> <span class='ocrx_word' id='word_1_80' title='bbox 627 514 729 553; x_wconf 86' lang='lat' dir='ltr'>credidisti</span> <span class='ocrx_word' id='word_1_81' title='bbox 737 514 803 553; x_wconf 89' lang='lat' dir='ltr'>verbis</span> <span class='ocrx_word' id='word_1_82' title='bbox 811 516 867 562; x_wconf 77' lang='lat' dir='ltr'>meis,</span> 
     </span>
     <span class='ocr_line' id='line_1_9' title="bbox 107 571 869 619; baseline 0.001 -10"><span class='ocrx_word' id='word_1_83' title='bbox 107 584 152 618; x_wconf 86' lang='lat' dir='ltr'>quae</span> <span class='ocrx_word' id='word_1_84' title='bbox 167 571 300 618; x_wconf 88' lang='lat' dir='ltr'>implebuntur</span> <span class='ocrx_word' id='word_1_85' title='bbox 314 572 335 609; x_wconf 93' lang='lat' dir='ltr'>in</span> <span class='ocrx_word' id='word_1_86' title='bbox 350 578 438 618; x_wconf 86' lang='lat' dir='ltr'>tempore</span> <span class='ocrx_word' id='word_1_87' title='bbox 454 585 495 612; x_wconf 88' lang='lat' dir='ltr'>suo.</span> <span class='ocrx_word' id='word_1_88' title='bbox 522 577 547 610; x_wconf 85' lang='grc'>21</span> <span class='ocrx_word' id='word_1_89' title='bbox 575 571 603 610; x_wconf 87' lang='lat' dir='ltr'>Et</span> <span class='ocrx_word' id='word_1_90' title='bbox 626 577 669 609; x_wconf 91' lang='lat' dir='ltr'>erat</span> <span class='ocrx_word' id='word_1_91' title='bbox 691 571 746 618; x_wconf 87' lang='lat' dir='ltr'>plebs</span> <span class='ocrx_word' id='word_1_92' title='bbox 762 577 869 619; x_wconf 80' lang='lat' dir='ltr'>expectans</span> 
     </span>
     <span class='ocr_line' id='line_1_10' title="bbox 106 628 869 677; baseline 0.003 -11"><span class='ocrx_word' id='word_1_93' title='bbox 106 629 227 677; x_wconf 78' lang='lat' dir='ltr'>Zachariam,</span> <span class='ocrx_word' id='word_1_94' title='bbox 245 634 265 666; x_wconf 91' lang='lat' dir='ltr'>et</span> <span class='ocrx_word' id='word_1_95' title='bbox 280 628 402 667; x_wconf 90' lang='lat' dir='ltr'>mirabantur</span> <span class='ocrx_word' id='word_1_96' title='bbox 410 629 462 676; x_wconf 84' lang='lat' dir='ltr'>quod</span> <span class='ocrx_word' id='word_1_97' title='bbox 478 629 567 667; x_wconf 72' lang='lat' dir='ltr'>tardaret</span> <span class='ocrx_word' id='word_1_98' title='bbox 576 629 620 675; x_wconf 89' lang='lat' dir='ltr'>ipse</span> <span class='ocrx_word' id='word_1_99' title='bbox 630 628 739 675; x_wconf 91' lang='lat' dir='ltr'>intemplo.</span> <span class='ocrx_word' id='word_1_100' title='bbox 756 633 782 667; x_wconf 92' lang='grc'>22</span> <span class='ocrx_word' id='word_1_101' title='bbox 798 628 869 676; x_wconf 88' lang='lat' dir='ltr'>Egres-</span> 
     </span>
     <span class='ocr_line' id='line_1_11' title="bbox 107 685 868 736; baseline 0.001 -14"><span class='ocrx_word' id='word_1_102' title='bbox 107 698 140 723; x_wconf 88' lang='lat' dir='ltr'>sus</span> <span class='ocrx_word' id='word_1_103' title='bbox 155 691 221 723; x_wconf 88' lang='lat' dir='ltr'>antem</span> <span class='ocrx_word' id='word_1_104' title='bbox 236 698 274 723; x_wconf 89' lang='lat' dir='ltr'>non</span> <span class='ocrx_word' id='word_1_105' title='bbox 290 691 369 732; x_wconf 85' lang='lat' dir='ltr'>poterat</span> <span class='ocrx_word' id='word_1_106' title='bbox 383 686 437 733; x_wconf 87' lang='lat' dir='ltr'>loqui</span> <span class='ocrx_word' id='word_1_107' title='bbox 453 685 477 723; x_wconf 91' lang='lat' dir='ltr'>ad</span> <span class='ocrx_word' id='word_1_108' title='bbox 492 686 543 736; x_wconf 62' lang='lat' dir='ltr'>illos</span> <span class='ocrx_word' id='word_1_109' title='bbox 560 692 579 724; x_wconf 90' lang='lat' dir='ltr'>et</span> <span class='ocrx_word' id='word_1_110' title='bbox 595 692 728 732; x_wconf 83' lang='lat' dir='ltr'>cognoverunt</span> <span class='ocrx_word' id='word_1_111' title='bbox 737 687 789 732; x_wconf 80' lang='grc'><strong>011011</strong></span> <span class='ocrx_word' id='word_1_112' title='bbox 804 687 868 731; x_wconf 27' lang='lat' dir='ltr'>vis-nm</span> 
     </span>
     <span class='ocr_line' id='line_1_12' title="bbox 106 742 867 789; baseline 0 -8"><span class='ocrx_word' id='word_1_113' title='bbox 106 742 190 781; x_wconf 82' lang='lat' dir='ltr'>vidisset</span> <span class='ocrx_word' id='word_1_114' title='bbox 204 742 226 779; x_wconf 93' lang='lat' dir='ltr'>in</span> <span class='ocrx_word' id='word_1_115' title='bbox 241 742 325 789; x_wconf 85' lang='lat' dir='ltr'>templo:</span> <span class='ocrx_word' id='word_1_116' title='bbox 342 749 362 781; x_wconf 93' lang='lat' dir='ltr'>et</span> <span class='ocrx_word' id='word_1_117' title='bbox 377 744 419 789; x_wconf 89' lang='lat' dir='ltr'>ipse</span> <span class='ocrx_word' id='word_1_118' title='bbox 435 748 479 782; x_wconf 84' lang='lat' dir='ltr'>erat</span> <span class='ocrx_word' id='word_1_119' title='bbox 494 756 580 781; x_wconf 86' lang='lat' dir='ltr'>annuens</span> <span class='ocrx_word' id='word_1_120' title='bbox 596 743 635 781; x_wconf 88' lang='lat' dir='ltr'>illis</span> <span class='ocrx_word' id='word_1_121' title='bbox 651 743 787 789; x_wconf 87' lang='lat' dir='ltr'>etpermansit</span> <span class='ocrx_word' id='word_1_122' title='bbox 794 748 867 781; x_wconf 90' lang='lat' dir='ltr'>mutus.</span> 
     </span>
     <span class='ocr_line' id='line_1_13' title="bbox 108 798 868 848; baseline 0.001 -11"><span class='ocrx_word' id='word_1_123' title='bbox 108 804 133 837; x_wconf 90' lang='grc'>23</span> <span class='ocrx_word' id='word_1_124' title='bbox 155 798 183 837; x_wconf 87' lang='lat' dir='ltr'>Et</span> <span class='ocrx_word' id='word_1_125' title='bbox 198 800 272 838; x_wconf 82' lang='lat' dir='ltr'>factum</span> <span class='ocrx_word' id='word_1_126' title='bbox 288 806 319 838; x_wconf 91' lang='lat' dir='ltr'>est</span> <span class='ocrx_word' id='word_1_127' title='bbox 333 806 357 838; x_wconf 90' lang='lat' dir='ltr'>ut</span> <span class='ocrx_word' id='word_1_128' title='bbox 371 801 447 847; x_wconf 89' lang='lat' dir='ltr'>impleti</span> <span class='ocrx_word' id='word_1_129' title='bbox 463 811 509 839; x_wconf 84' lang='lat' dir='ltr'>sunt</span> <span class='ocrx_word' id='word_1_130' title='bbox 524 800 566 838; x_wconf 84' lang='lat' dir='ltr'>dies</span> <span class='ocrx_word' id='word_1_131' title='bbox 582 800 641 838; x_wconf 85' lang='lat' dir='ltr'>officii</span> <span class='ocrx_word' id='word_1_132' title='bbox 657 800 705 848; x_wconf 76' lang='lat' dir='ltr'>eius,</span> <span class='ocrx_word' id='word_1_133' title='bbox 729 799 779 838; x_wconf 87' lang='lat' dir='ltr'>abiit</span> <span class='ocrx_word' id='word_1_134' title='bbox 793 800 814 838; x_wconf 90' lang='lat' dir='ltr'>in</span> <span class='ocrx_word' id='word_1_135' title='bbox 837 800 868 838; x_wconf 89' lang='lat' dir='ltr'>do-</span> 
     </span>
     <span class='ocr_line' id='line_1_14' title="bbox 107 856 870 904; baseline 0 -10"><span class='ocrx_word' id='word_1_136' title='bbox 107 870 160 895; x_wconf 90' lang='lat' dir='ltr'>mum</span> <span class='ocrx_word' id='word_1_137' title='bbox 176 870 237 895; x_wconf 91' lang='lat' dir='ltr'>suam.</span> <span class='ocrx_word' id='word_1_138' title='bbox 269 859 296 895; x_wconf 84' lang='lat'>24</span> <span class='ocrx_word' id='word_1_139' title='bbox 319 857 369 895; x_wconf 87' lang='lat' dir='ltr'>Post</span> <span class='ocrx_word' id='word_1_140' title='bbox 383 858 420 895; x_wconf 93' lang='lat' dir='ltr'>hos</span> <span class='ocrx_word' id='word_1_141' title='bbox 443 863 508 896; x_wconf 87' lang='lat' dir='ltr'>autem</span> <span class='ocrx_word' id='word_1_142' title='bbox 531 858 573 896; x_wconf 85' lang='lat' dir='ltr'>dies</span> <span class='ocrx_word' id='word_1_143' title='bbox 597 858 686 904; x_wconf 83' lang='lat' dir='ltr'>concepit</span> <span class='ocrx_word' id='word_1_144' title='bbox 701 856 805 895; x_wconf 80' lang='lat' dir='ltr'>Elisabeth</span> <span class='ocrx_word' id='word_1_145' title='bbox 819 870 870 895; x_wconf 78' lang='lat' dir='ltr'>uror</span> 
     </span>
     <span class='ocr_line' id='line_1_15' title="bbox 108 911 913 962; baseline 0 -11"><span class='ocrx_word' id='word_1_146' title='bbox 108 915 157 962; x_wconf 64' lang='lat' dir='ltr'>eius7</span> <span class='ocrx_word' id='word_1_147' title='bbox 180 920 201 951; x_wconf 87' lang='lat' dir='ltr'>et</span> <span class='ocrx_word' id='word_1_148' title='bbox 216 913 292 951; x_wconf 89' lang='lat' dir='ltr'>celabat</span> <span class='ocrx_word' id='word_1_149' title='bbox 307 927 328 951; x_wconf 89' lang='lat' dir='ltr'>se</span> <span class='ocrx_word' id='word_1_150' title='bbox 343 914 544 959; x_wconf 82' lang='lat' dir='ltr'>mensibus-quinque</span> <span class='ocrx_word' id='word_1_151' title='bbox 560 914 633 953; x_wconf 88' lang='lat' dir='ltr'>dicens.</span> <span class='ocrx_word' id='word_1_152' title='bbox 660 918 685 951; x_wconf 89' lang='grc'>25</span> <span class='ocrx_word' id='word_1_153' title='bbox 708 911 761 959; x_wconf 76' lang='lat' dir='ltr'>Quia</span> <span class='ocrx_word' id='word_1_154' title='bbox 776 915 804 951; x_wconf 83' lang='lat' dir='ltr'>sic</span> <span class='ocrx_word' id='word_1_155' title='bbox 819 914 869 952; x_wconf 81' lang='lat' dir='ltr'>fecit</span> <span class='ocrx_word' id='word_1_156' title='bbox 911 917 913 922; x_wconf 91' lang='lat'>&#39;</span> 
     </span>
     <span class='ocr_line' id='line_1_16' title="bbox 107 970 869 1017; baseline 0.001 -10"><span class='ocrx_word' id='word_1_157' title='bbox 107 970 156 1008; x_wconf 91' lang='lat' dir='ltr'>mihi</span> <span class='ocrx_word' id='word_1_158' title='bbox 172 970 261 1008; x_wconf 86' lang='lat' dir='ltr'>dominus</span> <span class='ocrx_word' id='word_1_159' title='bbox 276 970 297 1008; x_wconf 91' lang='lat' dir='ltr'>in</span> <span class='ocrx_word' id='word_1_160' title='bbox 312 970 381 1009; x_wconf 90' lang='lat' dir='ltr'>diebus</span> <span class='ocrx_word' id='word_1_161' title='bbox 397 970 467 1016; x_wconf 84' lang='lat' dir='ltr'>quibus</span> <span class='ocrx_word' id='word_1_162' title='bbox 483 971 571 1017; x_wconf 82' lang='lat' dir='ltr'>respexit</span> <span class='ocrx_word' id='word_1_163' title='bbox 586 971 663 1008; x_wconf 85' lang='lat' dir='ltr'>auferre</span> <span class='ocrx_word' id='word_1_164' title='bbox 671 970 797 1016; x_wconf 86' lang='lat' dir='ltr'>opprobrium</span> <span class='ocrx_word' id='word_1_165' title='bbox 804 983 869 1009; x_wconf 84' lang='lat' dir='ltr'>meum</span> 
     </span>
     <span class='ocr_line' id='line_1_17' title="bbox 106 1027 868 1073; baseline -0.001 -8"><span class='ocrx_word' id='word_1_166' title='bbox 106 1028 159 1065; x_wconf 90' lang='lat' dir='ltr'>inter</span> <span class='ocrx_word' id='word_1_167' title='bbox 173 1027 269 1065; x_wconf 86' lang='lat' dir='ltr'>homines.</span> <span class='ocrx_word' id='word_1_168' title='bbox 301 1031 326 1065; x_wconf 84' lang='grc'>26</span> <span class='ocrx_word' id='word_1_169' title='bbox 357 1027 433 1065; x_wconf 92' lang='lat' dir='ltr'>Eodem</span> <span class='ocrx_word' id='word_1_170' title='bbox 456 1033 521 1065; x_wconf 89' lang='lat' dir='ltr'>autem</span> <span class='ocrx_word' id='word_1_171' title='bbox 544 1034 632 1072; x_wconf 87' lang='lat' dir='ltr'>tempore</span> <span class='ocrx_word' id='word_1_172' title='bbox 655 1028 727 1064; x_wconf 85' lang='lat' dir='ltr'>missus</span> <span class='ocrx_word' id='word_1_173' title='bbox 743 1032 774 1064; x_wconf 88' lang='lat' dir='ltr'>est</span> <span class='ocrx_word' id='word_1_174' title='bbox 789 1027 868 1073; x_wconf 84' lang='lat' dir='ltr'>angelus</span> 
     </span>
     <span class='ocr_line' id='line_1_18' title="bbox 107 1082 868 1133; baseline -0.001 -11"><span class='ocrx_word' id='word_1_175' title='bbox 107 1083 187 1123; x_wconf 81' lang='lat' dir='ltr'>Gabriel</span> <span class='ocrx_word' id='word_1_176' title='bbox 212 1097 223 1121; x_wconf 92' lang='lat' dir='ltr'>a</span> <span class='ocrx_word' id='word_1_177' title='bbox 246 1083 324 1122; x_wconf 89' lang='lat' dir='ltr'>domino</span> <span class='ocrx_word' id='word_1_178' title='bbox 347 1084 368 1122; x_wconf 92' lang='lat' dir='ltr'>in</span> <span class='ocrx_word' id='word_1_179' title='bbox 395 1084 495 1122; x_wconf 85' lang='lat' dir='ltr'>civitatem</span> <span class='ocrx_word' id='word_1_180' title='bbox 511 1082 600 1122; x_wconf 72' lang='lat' dir='ltr'>Galilaeae</span> <span class='ocrx_word' id='word_1_181' title='bbox 622 1083 654 1121; x_wconf 88' lang='lat' dir='ltr'>cui</span> <span class='ocrx_word' id='word_1_182' title='bbox 675 1096 745 1122; x_wconf 90' lang='lat' dir='ltr'>nomen</span> <span class='ocrx_word' id='word_1_183' title='bbox 761 1083 868 1133; x_wconf 82' lang='lat' dir='ltr'>Nazareth,</span> 
     </span>
     <span class='ocr_line' id='line_1_19' title="bbox 107 1139 869 1189; baseline 0 -11"><span class='ocrx_word' id='word_1_184' title='bbox 107 1142 133 1178; x_wconf 76' lang='grc'>21</span> <span class='ocrx_word' id='word_1_185' title='bbox 157 1140 182 1178; x_wconf 89' lang='lat' dir='ltr'>ad</span> <span class='ocrx_word' id='word_1_186' title='bbox 196 1140 292 1187; x_wconf 84' lang='lat' dir='ltr'>virginem</span> <span class='ocrx_word' id='word_1_187' title='bbox 313 1140 450 1187; x_wconf 89' lang='lat' dir='ltr'>desponsatam</span> <span class='ocrx_word' id='word_1_188' title='bbox 472 1142 515 1179; x_wconf 90' lang='lat' dir='ltr'>viro</span> <span class='ocrx_word' id='word_1_189' title='bbox 539 1141 571 1179; x_wconf 86' lang='lat' dir='ltr'>eui</span> <span class='ocrx_word' id='word_1_190' title='bbox 592 1153 662 1178; x_wconf 87' lang='lat' dir='ltr'>nomen</span> <span class='ocrx_word' id='word_1_191' title='bbox 682 1146 724 1178; x_wconf 89' lang='lat' dir='ltr'>erat</span> <span class='ocrx_word' id='word_1_192' title='bbox 746 1139 820 1189; x_wconf 75' lang='lat' dir='ltr'>Ioseph</span> <span class='ocrx_word' id='word_1_193' title='bbox 845 1141 869 1178; x_wconf 89' lang='lat' dir='ltr'>de</span> 
     </span>
     <span class='ocr_line' id='line_1_20' title="bbox 107 1196 869 1246; baseline 0 -11"><span class='ocrx_word' id='word_1_194' title='bbox 107 1197 251 1246; x_wconf 76' lang='grc' dir='ltr'><strong>11011οΒ111111,</strong></span> <span class='ocrx_word' id='word_1_195' title='bbox 268 1203 373 1235; x_wconf 83' lang='lat' dir='ltr'>etnomen</span> <span class='ocrx_word' id='word_1_196' title='bbox 387 1197 469 1245; x_wconf 86' lang='lat' dir='ltr'>virginis</span> <span class='ocrx_word' id='word_1_197' title='bbox 485 1198 555 1236; x_wconf 86' lang='lat' dir='ltr'>Maria.</span> <span class='ocrx_word' id='word_1_198' title='bbox 580 1202 606 1236; x_wconf 83' lang='grc'>28</span> <span class='ocrx_word' id='word_1_199' title='bbox 629 1196 657 1235; x_wconf 88' lang='lat' dir='ltr'>Et</span> <span class='ocrx_word' id='word_1_200' title='bbox 672 1197 869 1245; x_wconf 12' lang='lat' dir='ltr'>ingressuswangelus</span> 
     </span>
     <span class='ocr_line' id='line_1_21' title="bbox 106 1254 869 1305; baseline 0.001 -14"><span class='ocrx_word' id='word_1_201' title='bbox 106 1254 131 1292; x_wconf 89' lang='lat' dir='ltr'>ad</span> <span class='ocrx_word' id='word_1_202' title='bbox 146 1267 187 1291; x_wconf 90' lang='lat' dir='ltr'>eam</span> <span class='ocrx_word' id='word_1_203' title='bbox 204 1254 255 1291; x_wconf 76' lang='lat' dir='ltr'>dixit</span> <span class='ocrx_word' id='word_1_204' title='bbox 270 1254 321 1305; x_wconf 60' lang='lat' dir='ltr'>Are,</span> <span class='ocrx_word' id='word_1_205' title='bbox 344 1255 410 1301; x_wconf 81' lang='lat' dir='ltr'>gracia</span> <span class='ocrx_word' id='word_1_206' title='bbox 425 1254 492 1301; x_wconf 89' lang='lat' dir='ltr'>plena:</span> <span class='ocrx_word' id='word_1_207' title='bbox 515 1254 605 1293; x_wconf 92' lang='lat' dir='ltr'>dominus</span> <span class='ocrx_word' id='word_1_208' title='bbox 621 1259 698 1292; x_wconf 85' lang='lat' dir='ltr'>tecum:</span> <span class='ocrx_word' id='word_1_209' title='bbox 723 1254 826 1300; x_wconf 84' lang='lat' dir='ltr'>benedicta</span> <span class='ocrx_word' id='word_1_210' title='bbox 846 1261 869 1292; x_wconf 89' lang='lat' dir='ltr'>tu</span> 
     </span>
     <span class='ocr_line' id='line_1_22' title="bbox 106 1308 911 1361; baseline -0.001 -12"><span class='ocrx_word' id='word_1_211' title='bbox 106 1313 127 1349; x_wconf 92' lang='lat' dir='ltr'>in</span> <span class='ocrx_word' id='word_1_212' title='bbox 142 1310 263 1356; x_wconf 87' lang='lat' dir='ltr'>mulieribus</span> <span class='ocrx_word' id='word_1_213' title='bbox 281 1315 306 1349; x_wconf 83' lang='grc'>29</span> <span class='ocrx_word' id='word_1_214' title='bbox 324 1308 374 1355; x_wconf 76' lang='lat' dir='ltr'>Quae</span> <span class='ocrx_word' id='word_1_215' title='bbox 390 1323 434 1349; x_wconf 89' lang='lat' dir='ltr'>cum</span> <span class='ocrx_word' id='word_1_216' title='bbox 443 1312 538 1361; x_wconf 75' lang='lat' dir='ltr'>audisset,</span> <span class='ocrx_word' id='word_1_217' title='bbox 554 1310 634 1349; x_wconf 89' lang='lat' dir='ltr'>turbata</span> <span class='ocrx_word' id='word_1_218' title='bbox 649 1317 679 1348; x_wconf 88' lang='lat' dir='ltr'>est</span> <span class='ocrx_word' id='word_1_219' title='bbox 693 1311 714 1348; x_wconf 94' lang='lat' dir='ltr'>in</span> <span class='ocrx_word' id='word_1_220' title='bbox 722 1324 810 1349; x_wconf 87' lang='lat' dir='ltr'>sermone</span> <span class='ocrx_word' id='word_1_221' title='bbox 819 1310 867 1360; x_wconf 72' lang='lat' dir='ltr'>eius,</span> <span class='ocrx_word' id='word_1_222' title='bbox 909 1327 911 1330; x_wconf 93' lang='lat'>·</span> 
     </span>
     <span class='ocr_line' id='line_1_23' title="bbox 107 1366 893 1415; baseline -0.003 -8"><span class='ocrx_word' id='word_1_223' title='bbox 107 1374 127 1407; x_wconf 90' lang='grc'>01</span> <span class='ocrx_word' id='word_1_224' title='bbox 146 1367 245 1415; x_wconf 83' lang='lat' dir='ltr'>cogitabat</span> <span class='ocrx_word' id='word_1_225' title='bbox 260 1367 322 1413; x_wconf 87' lang='lat' dir='ltr'>qualis</span> <span class='ocrx_word' id='word_1_226' title='bbox 338 1374 391 1406; x_wconf 87' lang='lat' dir='ltr'>esset</span> <span class='ocrx_word' id='word_1_227' title='bbox 406 1368 445 1406; x_wconf 85' lang='lat' dir='ltr'>ista</span> <span class='ocrx_word' id='word_1_228' title='bbox 460 1368 561 1407; x_wconf 85' lang='lat' dir='ltr'>salutacio.</span> <span class='ocrx_word' id='word_1_229' title='bbox 580 1372 605 1406; x_wconf 87' lang='lat'>30</span> <span class='ocrx_word' id='word_1_230' title='bbox 621 1366 650 1404; x_wconf 87' lang='lat' dir='ltr'>Et</span> <span class='ocrx_word' id='word_1_231' title='bbox 664 1368 693 1405; x_wconf 87' lang='lat' dir='ltr'>ait</span> <span class='ocrx_word' id='word_1_232' title='bbox 706 1367 788 1414; x_wconf 86' lang='lat' dir='ltr'>angelus</span> <span class='ocrx_word' id='word_1_233' title='bbox 804 1368 822 1405; x_wconf 88' lang='lat' dir='ltr'>ei</span> <span class='ocrx_word' id='word_1_234' title='bbox 837 1367 869 1405; x_wconf 90' lang='lat' dir='ltr'>Ne</span> <span class='ocrx_word' id='word_1_235' title='bbox 890 1408 893 1412; x_wconf 22' lang='grc' dir='ltr'><em>Α</em></span> 
     </span>
     <span class='ocr_line' id='line_1_24' title="bbox 106 1424 869 1478; baseline -0.001 -15"><span class='ocrx_word' id='word_1_236' title='bbox 106 1426 183 1475; x_wconf 73' lang='lat' dir='ltr'>timeas,</span> <span class='ocrx_word' id='word_1_237' title='bbox 194 1424 267 1463; x_wconf 83' lang='lat' dir='ltr'>Maria:</span> <span class='ocrx_word' id='word_1_238' title='bbox 283 1424 378 1464; x_wconf 88' lang='lat' dir='ltr'>invenisti</span> <span class='ocrx_word' id='word_1_239' title='bbox 389 1425 440 1462; x_wconf 89' lang='lat' dir='ltr'>enim</span> <span class='ocrx_word' id='word_1_240' title='bbox 450 1426 535 1471; x_wconf 86' lang='lat' dir='ltr'>graciam</span> <span class='ocrx_word' id='word_1_241' title='bbox 546 1424 599 1478; x_wconf 86' lang='lat' dir='ltr'>apud</span> <span class='ocrx_word' id='word_1_242' title='bbox 609 1424 673 1462; x_wconf 86' lang='lat' dir='ltr'>deum.</span> <span class='ocrx_word' id='word_1_243' title='bbox 691 1428 715 1461; x_wconf 83' lang='lat'>31</span> <span class='ocrx_word' id='word_1_244' title='bbox 732 1424 760 1461; x_wconf 92' lang='lat' dir='ltr'>Et</span> <span class='ocrx_word' id='word_1_245' title='bbox 770 1437 814 1462; x_wconf 88' lang='grc'><strong>0000</strong></span> <span class='ocrx_word' id='word_1_246' title='bbox 825 1437 869 1463; x_wconf 86' lang='grc'><strong>001-</strong></span> 
     </span>
     <span class='ocr_line' id='line_1_25' title="bbox 108 1480 867 1531; baseline 0 -12"><span class='ocrx_word' id='word_1_247' title='bbox 108 1482 170 1528; x_wconf 83' lang='lat' dir='ltr'>cipies</span> <span class='ocrx_word' id='word_1_248' title='bbox 185 1481 206 1519; x_wconf 93' lang='lat' dir='ltr'>in</span> <span class='ocrx_word' id='word_1_249' title='bbox 225 1488 282 1519; x_wconf 90' lang='lat' dir='ltr'>utero</span> <span class='ocrx_word' id='word_1_250' title='bbox 297 1487 318 1519; x_wconf 91' lang='lat' dir='ltr'>et</span> <span class='ocrx_word' id='word_1_251' title='bbox 332 1482 397 1527; x_wconf 87' lang='lat' dir='ltr'>paries</span> <span class='ocrx_word' id='word_1_252' title='bbox 412 1481 481 1531; x_wconf 33' lang='lat' dir='ltr'>filium]</span> <span class='ocrx_word' id='word_1_253' title='bbox 503 1487 523 1519; x_wconf 88' lang='lat' dir='ltr'>et</span> <span class='ocrx_word' id='word_1_254' title='bbox 540 1480 618 1520; x_wconf 84' lang='lat' dir='ltr'>vocabis</span> <span class='ocrx_word' id='word_1_255' title='bbox 634 1494 704 1518; x_wconf 85' lang='lat' dir='ltr'>nomen</span> <span class='ocrx_word' id='word_1_256' title='bbox 727 1482 769 1519; x_wconf 91' lang='lat' dir='ltr'>eins</span> <span class='ocrx_word' id='word_1_257' title='bbox 792 1480 867 1519; x_wconf 88' lang='lat' dir='ltr'>Iesum:</span> 
     </span>
     <span class='ocr_line' id='line_1_26' title="bbox 109 1537 867 1586; baseline 0 -10"><span class='ocrx_word' id='word_1_258' title='bbox 109 1543 135 1577; x_wconf 90' lang='grc'>32</span> <span class='ocrx_word' id='word_1_259' title='bbox 150 1538 183 1576; x_wconf 85' lang='lat' dir='ltr'>hic</span> <span class='ocrx_word' id='word_1_260' title='bbox 199 1538 238 1576; x_wconf 89' lang='grc'><strong>0111</strong></span> <span class='ocrx_word' id='word_1_261' title='bbox 252 1551 334 1585; x_wconf 87' lang='lat' dir='ltr'>magnus</span> <span class='ocrx_word' id='word_1_262' title='bbox 350 1546 371 1576; x_wconf 90' lang='lat' dir='ltr'>et</span> <span class='ocrx_word' id='word_1_263' title='bbox 386 1538 437 1576; x_wconf 89' lang='lat' dir='ltr'>filius</span> <span class='ocrx_word' id='word_1_264' title='bbox 453 1538 545 1576; x_wconf 78' lang='lat' dir='ltr'>altissimi</span> <span class='ocrx_word' id='word_1_265' title='bbox 560 1538 668 1586; x_wconf 85' lang='lat' dir='ltr'>vocabitur,</span> <span class='ocrx_word' id='word_1_266' title='bbox 685 1543 705 1576; x_wconf 91' lang='lat' dir='ltr'>et</span> <span class='ocrx_word' id='word_1_267' title='bbox 720 1537 775 1576; x_wconf 90' lang='lat' dir='ltr'>dabit</span> <span class='ocrx_word' id='word_1_268' title='bbox 789 1538 819 1575; x_wconf 92' lang='lat' dir='ltr'>illi</span> <span class='ocrx_word' id='word_1_269' title='bbox 834 1538 867 1576; x_wconf 86' lang='lat' dir='ltr'>do·</span> 
     </span>
     <span class='ocr_line' id='line_1_27' title="bbox 107 1593 867 1642; baseline 0 -9"><span class='ocrx_word' id='word_1_270' title='bbox 107 1596 172 1634; x_wconf 73' lang='lat' dir='ltr'>minus</span> <span class='ocrx_word' id='word_1_271' title='bbox 188 1595 236 1633; x_wconf 88' lang='lat' dir='ltr'>deus</span> <span class='ocrx_word' id='word_1_272' title='bbox 251 1595 318 1633; x_wconf 90' lang='lat' dir='ltr'>sedem</span> <span class='ocrx_word' id='word_1_273' title='bbox 333 1595 398 1633; x_wconf 88' lang='lat' dir='ltr'>David</span> <span class='ocrx_word' id='word_1_274' title='bbox 412 1595 475 1642; x_wconf 89' lang='lat' dir='ltr'>patris</span> <span class='ocrx_word' id='word_1_275' title='bbox 498 1595 530 1633; x_wconf 88' lang='lat' dir='ltr'>sui</span> <span class='ocrx_word' id='word_1_276' title='bbox 545 1600 566 1633; x_wconf 89' lang='lat' dir='ltr'>et</span> <span class='ocrx_word' id='word_1_277' title='bbox 580 1594 670 1642; x_wconf 81' lang='lat' dir='ltr'>regnabit</span> <span class='ocrx_word' id='word_1_278' title='bbox 694 1595 715 1632; x_wconf 94' lang='lat' dir='ltr'>in</span> <span class='ocrx_word' id='word_1_279' title='bbox 736 1595 792 1633; x_wconf 88' lang='lat' dir='ltr'>domo</span> <span class='ocrx_word' id='word_1_280' title='bbox 808 1593 867 1633; x_wconf 87' lang='lat' dir='ltr'>Iacob</span> 
     </span>
     <span class='ocr_line' id='line_1_28' title="bbox 106 1651 866 1701; baseline 0 -11"><span class='ocrx_word' id='word_1_281' title='bbox 106 1653 127 1690; x_wconf 90' lang='lat' dir='ltr'>in</span> <span class='ocrx_word' id='word_1_282' title='bbox 142 1657 244 1701; x_wconf 78' lang='lat' dir='ltr'>aeternum,</span> <span class='ocrx_word' id='word_1_283' title='bbox 270 1656 294 1690; x_wconf 86' lang='lat'>33</span> <span class='ocrx_word' id='word_1_284' title='bbox 312 1658 332 1690; x_wconf 90' lang='grc'>01</span> <span class='ocrx_word' id='word_1_285' title='bbox 347 1652 402 1699; x_wconf 85' lang='lat' dir='ltr'>regni</span> <span class='ocrx_word' id='word_1_286' title='bbox 417 1653 460 1690; x_wconf 91' lang='lat' dir='ltr'>eius</span> <span class='ocrx_word' id='word_1_287' title='bbox 475 1665 514 1690; x_wconf 91' lang='lat' dir='ltr'>non</span> <span class='ocrx_word' id='word_1_288' title='bbox 529 1652 568 1690; x_wconf 87' lang='lat' dir='ltr'>erit</span> <span class='ocrx_word' id='word_1_289' title='bbox 589 1652 640 1690; x_wconf 90' lang='lat' dir='ltr'>finis.</span> <span class='ocrx_word' id='word_1_290' title='bbox 667 1653 693 1689; x_wconf 82' lang='lat'>34</span> <span class='ocrx_word' id='word_1_291' title='bbox 719 1651 777 1689; x_wconf 77' lang='lat' dir='ltr'>Dixit</span> <span class='ocrx_word' id='word_1_292' title='bbox 802 1657 866 1690; x_wconf 87' lang='lat' dir='ltr'>autem</span> 
     </span>
     <span class='ocr_line' id='line_1_29' title="bbox 106 1707 868 1759; baseline 0 -13"><span class='ocrx_word' id='word_1_293' title='bbox 106 1709 171 1747; x_wconf 82' lang='lat' dir='ltr'>Maria</span> <span class='ocrx_word' id='word_1_294' title='bbox 193 1709 218 1746; x_wconf 87' lang='lat' dir='ltr'>ad</span> <span class='ocrx_word' id='word_1_295' title='bbox 243 1709 332 1756; x_wconf 85' lang='lat' dir='ltr'>angelum</span> <span class='ocrx_word' id='word_1_296' title='bbox 351 1707 453 1754; x_wconf 81' lang='lat' dir='ltr'>Quomodo</span> <span class='ocrx_word' id='word_1_297' title='bbox 477 1709 512 1747; x_wconf 89' lang='lat' dir='ltr'>fiet</span> <span class='ocrx_word' id='word_1_298' title='bbox 537 1708 598 1759; x_wconf 74' lang='lat' dir='ltr'>istud,</span> <span class='ocrx_word' id='word_1_299' title='bbox 624 1708 715 1755; x_wconf 87' lang='lat' dir='ltr'>quoniam</span> <span class='ocrx_word' id='word_1_300' title='bbox 740 1709 804 1746; x_wconf 89' lang='lat' dir='ltr'>virum</span> <span class='ocrx_word' id='word_1_301' title='bbox 829 1722 868 1746; x_wconf 92' lang='lat' dir='ltr'>non</span> 
     </span>
     <span class='ocr_line' id='line_1_30' title="bbox 107 1764 867 1813; baseline -0.003 -9"><span class='ocrx_word' id='word_1_302' title='bbox 107 1768 213 1813; x_wconf 84' lang='lat' dir='ltr'>cognosco?</span> <span class='ocrx_word' id='word_1_303' title='bbox 230 1770 254 1804; x_wconf 82' lang='lat'>35</span> <span class='ocrx_word' id='word_1_304' title='bbox 271 1765 299 1804; x_wconf 91' lang='lat' dir='ltr'>Et</span> <span class='ocrx_word' id='word_1_305' title='bbox 313 1765 416 1812; x_wconf 85' lang='lat' dir='ltr'>respondit</span> <span class='ocrx_word' id='word_1_306' title='bbox 431 1766 510 1812; x_wconf 85' lang='lat' dir='ltr'>angelus</span> <span class='ocrx_word' id='word_1_307' title='bbox 526 1765 577 1803; x_wconf 81' lang='lat' dir='ltr'>dixit</span> <span class='ocrx_word' id='word_1_308' title='bbox 599 1765 624 1803; x_wconf 92' lang='lat' dir='ltr'>ad</span> <span class='ocrx_word' id='word_1_309' title='bbox 646 1764 700 1803; x_wconf 91' lang='lat' dir='ltr'>illam</span> <span class='ocrx_word' id='word_1_310' title='bbox 716 1764 803 1811; x_wconf 82' lang='lat' dir='ltr'>Spiritus</span> <span class='ocrx_word' id='word_1_311' title='bbox 825 1778 867 1803; x_wconf 84' lang='lat' dir='ltr'>san-</span> 
     </span>
     <span class='ocr_line' id='line_1_31' title="bbox 107 1821 867 1873; baseline 0 -13"><span class='ocrx_word' id='word_1_312' title='bbox 107 1829 149 1861; x_wconf 86' lang='lat' dir='ltr'>etus</span> <span class='ocrx_word' id='word_1_313' title='bbox 165 1823 291 1869; x_wconf 84' lang='lat' dir='ltr'>superveniet</span> <span class='ocrx_word' id='word_1_314' title='bbox 306 1823 327 1860; x_wconf 94' lang='lat' dir='ltr'>in</span> <span class='ocrx_word' id='word_1_315' title='bbox 342 1828 373 1873; x_wconf 67' lang='lat' dir='ltr'>te,</span> <span class='ocrx_word' id='word_1_316' title='bbox 389 1828 409 1860; x_wconf 89' lang='grc'>01</span> <span class='ocrx_word' id='word_1_317' title='bbox 424 1823 488 1861; x_wconf 89' lang='lat' dir='ltr'>virtus</span> <span class='ocrx_word' id='word_1_318' title='bbox 504 1822 596 1860; x_wconf 87' lang='lat' dir='ltr'>altissimi</span> <span class='ocrx_word' id='word_1_319' title='bbox 611 1821 736 1860; x_wconf 90' lang='lat' dir='ltr'>obumbrabit</span> <span class='ocrx_word' id='word_1_320' title='bbox 750 1821 799 1863; x_wconf 83' lang='lat' dir='ltr'>tibi:</span> <span class='ocrx_word' id='word_1_321' title='bbox 814 1821 867 1860; x_wconf 90' lang='lat' dir='ltr'>ideo-</span> 
     </span>
     <span class='ocr_line' id='line_1_32' title="bbox 106 1878 867 1926; baseline -0.001 -9"><span class='ocrx_word' id='word_1_322' title='bbox 106 1893 143 1926; x_wconf 86' lang='lat' dir='ltr'>que</span> <span class='ocrx_word' id='word_1_323' title='bbox 159 1886 180 1917; x_wconf 89' lang='lat' dir='ltr'>et</span> <span class='ocrx_word' id='word_1_324' title='bbox 195 1880 247 1924; x_wconf 90' lang='lat' dir='ltr'>quod</span> <span class='ocrx_word' id='word_1_325' title='bbox 262 1879 350 1917; x_wconf 84' lang='lat' dir='ltr'>nascitur</span> <span class='ocrx_word' id='word_1_326' title='bbox 365 1884 424 1917; x_wconf 81' lang='lat' dir='ltr'>exte</span> <span class='ocrx_word' id='word_1_327' title='bbox 439 1886 529 1917; x_wconf 87' lang='lat' dir='ltr'>sanctum</span> <span class='ocrx_word' id='word_1_328' title='bbox 544 1878 646 1917; x_wconf 89' lang='lat' dir='ltr'>vocabitur</span> <span class='ocrx_word' id='word_1_329' title='bbox 660 1878 712 1915; x_wconf 84' lang='lat' dir='ltr'>filius</span> <span class='ocrx_word' id='word_1_330' title='bbox 728 1878 765 1917; x_wconf 89' lang='lat' dir='ltr'>dei.</span> <span class='ocrx_word' id='word_1_331' title='bbox 798 1883 822 1916; x_wconf 82' lang='grc'>31</span> <span class='ocrx_word' id='word_1_332' title='bbox 838 1879 867 1916; x_wconf 91' lang='lat' dir='ltr'>Et</span> 
     </span>
     <span class='ocr_line' id='line_1_33' title="bbox 106 1934 867 1984; baseline -0.001 -10"><span class='ocrx_word' id='word_1_333' title='bbox 106 1949 150 1974; x_wconf 88' lang='lat' dir='ltr'>ecce</span> <span class='ocrx_word' id='word_1_334' title='bbox 173 1936 278 1975; x_wconf 80' lang='lat' dir='ltr'>Elisabeth</span> <span class='ocrx_word' id='word_1_335' title='bbox 298 1942 379 1982; x_wconf 85' lang='lat' dir='ltr'>cognata</span> <span class='ocrx_word' id='word_1_336' title='bbox 403 1941 444 1984; x_wconf 85' lang='lat' dir='ltr'>tua,</span> <span class='ocrx_word' id='word_1_337' title='bbox 470 1941 490 1974; x_wconf 89' lang='grc'>01</span> <span class='ocrx_word' id='word_1_338' title='bbox 515 1935 559 1981; x_wconf 87' lang='lat' dir='ltr'>ipsa</span> <span class='ocrx_word' id='word_1_339' title='bbox 585 1935 674 1980; x_wconf 86' lang='lat' dir='ltr'>consepit</span> <span class='ocrx_word' id='word_1_340' title='bbox 700 1934 762 1972; x_wconf 89' lang='lat' dir='ltr'>filium</span> <span class='ocrx_word' id='word_1_341' title='bbox 788 1935 809 1973; x_wconf 90' lang='grc'>111</span> <span class='ocrx_word' id='word_1_342' title='bbox 838 1949 867 1973; x_wconf 93' lang='grc'>50-</span> 
     </span>
     <span class='ocr_line' id='line_1_34' title="bbox 106 1992 866 2037; baseline 0 -7"><span class='ocrx_word' id='word_1_343' title='bbox 106 2000 164 2031; x_wconf 84' lang='lat' dir='ltr'>necta</span> <span class='ocrx_word' id='word_1_344' title='bbox 189 2006 224 2030; x_wconf 89' lang='lat' dir='ltr'>sua</span> <span class='ocrx_word' id='word_1_345' title='bbox 249 1998 270 2029; x_wconf 91' lang='lat' dir='ltr'>et</span> <span class='ocrx_word' id='word_1_346' title='bbox 291 1992 324 2029; x_wconf 88' lang='lat' dir='ltr'>hic</span> <span class='ocrx_word' id='word_1_347' title='bbox 346 1992 418 2030; x_wconf 88' lang='lat' dir='ltr'>mensis</span> <span class='ocrx_word' id='word_1_348' title='bbox 443 1999 511 2031; x_wconf 78' lang='lat' dir='ltr'>sextus</span> <span class='ocrx_word' id='word_1_349' title='bbox 534 1997 565 2030; x_wconf 90' lang='lat' dir='ltr'>est</span> <span class='ocrx_word' id='word_1_350' title='bbox 586 1992 616 2029; x_wconf 90' lang='lat' dir='ltr'>illi</span> <span class='ocrx_word' id='word_1_351' title='bbox 640 2004 684 2037; x_wconf 80' lang='lat' dir='ltr'>qnae</span> <span class='ocrx_word' id='word_1_352' title='bbox 706 1996 789 2030; x_wconf 84' lang='lat' dir='ltr'>vocatur</span> <span class='ocrx_word' id='word_1_353' title='bbox 810 1993 866 2030; x_wconf 88' lang='lat' dir='ltr'>steri-</span> 
     </span>
     <span class='ocr_line' id='line_1_35' title="bbox 105 2047 866 2096; baseline 0 -9"><span class='ocrx_word' id='word_1_354' title='bbox 105 2049 141 2087; x_wconf 90' lang='lat' dir='ltr'>lis:</span> <span class='ocrx_word' id='word_1_355' title='bbox 169 2053 194 2087; x_wconf 78' lang='grc'>37</span> <span class='ocrx_word' id='word_1_356' title='bbox 219 2049 318 2096; x_wconf 88' lang='lat' dir='ltr'>quianon</span> <span class='ocrx_word' id='word_1_357' title='bbox 337 2054 368 2087; x_wconf 90' lang='lat' dir='ltr'>est</span> <span class='ocrx_word' id='word_1_358' title='bbox 388 2048 502 2095; x_wconf 88' lang='lat' dir='ltr'>inpossibile</span> <span class='ocrx_word' id='word_1_359' title='bbox 524 2048 560 2087; x_wconf 87' lang='lat' dir='ltr'>deo</span> <span class='ocrx_word' id='word_1_360' title='bbox 582 2061 637 2086; x_wconf 90' lang='lat' dir='ltr'>omne</span> <span class='ocrx_word' id='word_1_361' title='bbox 652 2047 740 2088; x_wconf 84' lang='lat' dir='ltr'>verbum.</span> <span class='ocrx_word' id='word_1_362' title='bbox 767 2052 792 2087; x_wconf 87' lang='lat'>38</span> <span class='ocrx_word' id='word_1_363' title='bbox 808 2048 866 2087; x_wconf 82' lang='lat' dir='ltr'>Dixit</span> 
     </span>
     <span class='ocr_line' id='line_1_36' title="bbox 105 2105 866 2153; baseline -0.003 -8"><span class='ocrx_word' id='word_1_364' title='bbox 105 2111 172 2145; x_wconf 85' lang='lat' dir='ltr'>autem</span> <span class='ocrx_word' id='word_1_365' title='bbox 201 2106 266 2144; x_wconf 85' lang='lat' dir='ltr'>Maria</span> <span class='ocrx_word' id='word_1_366' title='bbox 294 2105 346 2144; x_wconf 88' lang='lat' dir='ltr'>Ecce</span> <span class='ocrx_word' id='word_1_367' title='bbox 376 2106 446 2144; x_wconf 89' lang='lat' dir='ltr'>ancilla</span> <span class='ocrx_word' id='word_1_368' title='bbox 480 2106 562 2151; x_wconf 84' lang='lat' dir='ltr'>domini,</span> <span class='ocrx_word' id='word_1_369' title='bbox 592 2105 692 2153; x_wconf 81' lang='lat' dir='ltr'>contingat</span> <span class='ocrx_word' id='word_1_370' title='bbox 720 2106 769 2143; x_wconf 92' lang='lat' dir='ltr'>mihi</span> <span class='ocrx_word' id='word_1_371' title='bbox 798 2117 866 2144; x_wconf 87' lang='lat' dir='ltr'>secun-</span> 
     </span>
     <span class='ocr_line' id='line_1_37' title="bbox 105 2162 866 2210; baseline -0.003 -8"><span class='ocrx_word' id='word_1_372' title='bbox 105 2164 151 2202; x_wconf 86' lang='lat' dir='ltr'>dum</span> <span class='ocrx_word' id='word_1_373' title='bbox 167 2162 249 2202; x_wconf 89' lang='lat' dir='ltr'>verbum</span> <span class='ocrx_word' id='word_1_374' title='bbox 264 2168 327 2203; x_wconf 84' lang='lat' dir='ltr'>tuum.</span> <span class='ocrx_word' id='word_1_375' title='bbox 356 2162 384 2200; x_wconf 88' lang='lat' dir='ltr'>Et</span> <span class='ocrx_word' id='word_1_376' title='bbox 399 2162 490 2201; x_wconf 86' lang='lat' dir='ltr'>discessit</span> <span class='ocrx_word' id='word_1_377' title='bbox 505 2162 528 2200; x_wconf 93' lang='lat' dir='ltr'>ab</span> <span class='ocrx_word' id='word_1_378' title='bbox 544 2162 577 2200; x_wconf 89' lang='lat' dir='ltr'>illa</span> <span class='ocrx_word' id='word_1_379' title='bbox 593 2162 678 2210; x_wconf 87' lang='lat' dir='ltr'>angelus.</span> <span class='ocrx_word' id='word_1_380' title='bbox 710 2166 735 2200; x_wconf 78' lang='lat'>33</span> <span class='ocrx_word' id='word_1_381' title='bbox 751 2162 866 2209; x_wconf 77' lang='lat' dir='ltr'>Exsurgens</span> 
     </span>
     <span class='ocr_line' id='line_1_38' title="bbox 105 2219 865 2259; baseline -0.003 0"><span class='ocrx_word' id='word_1_382' title='bbox 105 2228 171 2259; x_wconf 88' lang='lat' dir='ltr'>autem</span> <span class='ocrx_word' id='word_1_383' title='bbox 186 2220 251 2258; x_wconf 85' lang='lat' dir='ltr'>Maria</span> <span class='ocrx_word' id='word_1_384' title='bbox 266 2220 286 2257; x_wconf 90' lang='lat' dir='ltr'>in</span> <span class='ocrx_word' id='word_1_385' title='bbox 302 2219 370 2258; x_wconf 89' lang='lat' dir='ltr'>diebus</span> <span class='ocrx_word' id='word_1_386' title='bbox 386 2219 425 2257; x_wconf 91' lang='lat' dir='ltr'>illis</span> <span class='ocrx_word' id='word_1_387' title='bbox 441 2219 491 2258; x_wconf 86' lang='lat' dir='ltr'>abiit</span> <span class='ocrx_word' id='word_1_388' title='bbox 504 2220 524 2257; x_wconf 95' lang='lat' dir='ltr'>in</span> <span class='ocrx_word' id='word_1_389' title='bbox 539 2225 632 2258; x_wconf 89' lang='lat' dir='ltr'>montana</span> <span class='ocrx_word' id='word_1_390' title='bbox 642 2233 686 2258; x_wconf 89' lang='lat' dir='ltr'>cum</span> <span class='ocrx_word' id='word_1_391' title='bbox 700 2219 829 2258; x_wconf 82' lang='lat' dir='ltr'>festinacione</span> <span class='ocrx_word' id='word_1_392' title='bbox 844 2220 865 2258; x_wconf 95' lang='lat' dir='ltr'>in</span> 
     </span>
     <span class='ocr_line' id='line_1_39' title="bbox 105 2276 865 2325; baseline -0.004 -9"><span class='ocrx_word' id='word_1_393' title='bbox 105 2278 205 2316; x_wconf 85' lang='lat' dir='ltr'>civitatem</span> <span class='ocrx_word' id='word_1_394' title='bbox 222 2276 285 2325; x_wconf 73' lang='lat' dir='ltr'>Iudae,</span> <span class='ocrx_word' id='word_1_395' title='bbox 308 2279 334 2314; x_wconf 86' lang='lat'>40</span> <span class='ocrx_word' id='word_1_396' title='bbox 352 2282 372 2314; x_wconf 86' lang='lat' dir='ltr'>et</span> <span class='ocrx_word' id='word_1_397' title='bbox 386 2277 469 2314; x_wconf 87' lang='lat' dir='ltr'>intravit</span> <span class='ocrx_word' id='word_1_398' title='bbox 483 2277 504 2314; x_wconf 95' lang='lat' dir='ltr'>in</span> <span class='ocrx_word' id='word_1_399' title='bbox 519 2276 597 2314; x_wconf 87' lang='lat' dir='ltr'>domum</span> <span class='ocrx_word' id='word_1_400' title='bbox 612 2276 713 2314; x_wconf 83' lang='lat' dir='ltr'>Zachariae</span> <span class='ocrx_word' id='word_1_401' title='bbox 729 2281 749 2313; x_wconf 89' lang='lat' dir='ltr'>et</span> <span class='ocrx_word' id='word_1_402' title='bbox 771 2276 865 2314; x_wconf 84' lang='lat' dir='ltr'>salutavit</span> 
     </span>
     <span class='ocr_line' id='line_1_40' title="bbox 104 2331 865 2373; baseline -0.001 -1"><span class='ocrx_word' id='word_1_403' title='bbox 104 2334 214 2373; x_wconf 85' lang='lat' dir='ltr'>Elisabeth.</span> <span class='ocrx_word' id='word_1_404' title='bbox 247 2336 271 2371; x_wconf 84' lang='lat'>41</span> <span class='ocrx_word' id='word_1_405' title='bbox 303 2332 332 2371; x_wconf 89' lang='lat' dir='ltr'>Et</span> <span class='ocrx_word' id='word_1_406' title='bbox 349 2333 424 2371; x_wconf 80' lang='lat' dir='ltr'>factum</span> <span class='ocrx_word' id='word_1_407' title='bbox 444 2338 475 2370; x_wconf 80' lang='lat' dir='ltr'>est</span> <span class='ocrx_word' id='word_1_408' title='bbox 495 2339 519 2371; x_wconf 92' lang='lat' dir='ltr'>ut</span> <span class='ocrx_word' id='word_1_409' title='bbox 541 2332 617 2371; x_wconf 83' lang='lat' dir='ltr'>audivit</span> <span class='ocrx_word' id='word_1_410' title='bbox 639 2333 780 2371; x_wconf 85' lang='lat' dir='ltr'>salutacionem</span> <span class='ocrx_word' id='word_1_411' title='bbox 793 2331 865 2371; x_wconf 85' lang='lat' dir='ltr'>Mariae</span> 
     </span>
     <span class='ocr_line' id='line_1_41' title="bbox 103 2390 864 2436; baseline -0.003 -6"><span class='ocrx_word' id='word_1_412' title='bbox 103 2390 208 2430; x_wconf 79' lang='lat' dir='ltr'>Elisabeth</span> <span class='ocrx_word' id='word_1_413' title='bbox 224 2390 320 2429; x_wconf 80' lang='lat' dir='ltr'>exultavit</span> <span class='ocrx_word' id='word_1_414' title='bbox 336 2390 400 2428; x_wconf 88' lang='lat' dir='ltr'>infans</span> <span class='ocrx_word' id='word_1_415' title='bbox 415 2391 436 2428; x_wconf 93' lang='lat' dir='ltr'>in</span> <span class='ocrx_word' id='word_1_416' title='bbox 450 2394 507 2428; x_wconf 80' lang='lat' dir='ltr'>utero</span> <span class='ocrx_word' id='word_1_417' title='bbox 523 2391 575 2428; x_wconf 89' lang='lat' dir='ltr'>eius:</span> <span class='ocrx_word' id='word_1_418' title='bbox 599 2394 619 2428; x_wconf 90' lang='lat' dir='ltr'>et</span> <span class='ocrx_word' id='word_1_419' title='bbox 640 2390 716 2436; x_wconf 88' lang='lat' dir='ltr'>repleta</span> <span class='ocrx_word' id='word_1_420' title='bbox 739 2398 770 2428; x_wconf 89' lang='lat' dir='ltr'>est</span> <span class='ocrx_word' id='word_1_421' title='bbox 791 2390 864 2436; x_wconf 85' lang='lat' dir='ltr'>spiritu</span> 
     </span>
     <span class='ocr_line' id='line_1_42' title="bbox 104 2446 865 2494; baseline -0.003 -8"><span class='ocrx_word' id='word_1_422' title='bbox 104 2454 172 2486; x_wconf 88' lang='lat' dir='ltr'>sancto</span> <span class='ocrx_word' id='word_1_423' title='bbox 188 2447 299 2494; x_wconf 84' lang='lat' dir='ltr'>Elisabeth,</span> <span class='ocrx_word' id='word_1_424' title='bbox 318 2449 345 2484; x_wconf 78' lang='lat'>42</span> <span class='ocrx_word' id='word_1_425' title='bbox 362 2453 382 2485; x_wconf 87' lang='lat' dir='ltr'>et</span> <span class='ocrx_word' id='word_1_426' title='bbox 397 2446 513 2485; x_wconf 78' lang='lat' dir='ltr'>exclamarit</span> <span class='ocrx_word' id='word_1_427' title='bbox 527 2459 574 2486; x_wconf 82' lang='lat' dir='ltr'>voce</span> <span class='ocrx_word' id='word_1_428' title='bbox 590 2459 659 2493; x_wconf 88' lang='lat' dir='ltr'>magna</span> <span class='ocrx_word' id='word_1_429' title='bbox 674 2446 740 2484; x_wconf 87' lang='lat' dir='ltr'>dicens</span> <span class='ocrx_word' id='word_1_430' title='bbox 755 2446 865 2484; x_wconf 85' lang='lat' dir='ltr'>Benedicta</span> 
     </span>
     <span class='ocr_line' id='line_1_43' title="bbox 104 2502 863 2554; baseline -0.005 -10"><span class='ocrx_word' id='word_1_431' title='bbox 104 2511 127 2544; x_wconf 89' lang='lat' dir='ltr'>tu</span> <span class='ocrx_word' id='word_1_432' title='bbox 141 2507 194 2544; x_wconf 87' lang='lat' dir='ltr'>inter</span> <span class='ocrx_word' id='word_1_433' title='bbox 213 2505 312 2554; x_wconf 82' lang='lat' dir='ltr'>mulieres,</span> <span class='ocrx_word' id='word_1_434' title='bbox 337 2509 357 2542; x_wconf 92' lang='lat' dir='ltr'>et</span> <span class='ocrx_word' id='word_1_435' title='bbox 376 2503 490 2542; x_wconf 86' lang='lat' dir='ltr'>benedictus</span> <span class='ocrx_word' id='word_1_436' title='bbox 513 2503 590 2542; x_wconf 85' lang='lat' dir='ltr'>fruetus</span> <span class='ocrx_word' id='word_1_437' title='bbox 613 2503 688 2541; x_wconf 81' lang='lat' dir='ltr'>ventris</span> <span class='ocrx_word' id='word_1_438' title='bbox 711 2503 747 2541; x_wconf 89' lang='lat' dir='ltr'>tui.</span> <span class='ocrx_word' id='word_1_439' title='bbox 778 2505 804 2541; x_wconf 87' lang='lat'>43</span> <span class='ocrx_word' id='word_1_440' title='bbox 835 2502 863 2541; x_wconf 85' lang='lat' dir='ltr'>Et</span> 
     </span>
     <span class='ocr_line' id='line_1_44' title="bbox 104 2559 871 2601; baseline -0.004 0"><span class='ocrx_word' id='word_1_441' title='bbox 104 2563 155 2601; x_wconf 86' lang='lat' dir='ltr'>unde</span> <span class='ocrx_word' id='word_1_442' title='bbox 170 2564 208 2601; x_wconf 90' lang='lat' dir='ltr'>hoo</span> <span class='ocrx_word' id='word_1_443' title='bbox 223 2562 272 2600; x_wconf 92' lang='lat' dir='ltr'>mihi</span> <span class='ocrx_word' id='word_1_444' title='bbox 287 2567 310 2600; x_wconf 90' lang='lat' dir='ltr'>ut</span> <span class='ocrx_word' id='word_1_445' title='bbox 324 2562 392 2599; x_wconf 78' lang='lat' dir='ltr'>veniat</span> <span class='ocrx_word' id='word_1_446' title='bbox 406 2567 469 2599; x_wconf 83' lang='lat' dir='ltr'>mater</span> <span class='ocrx_word' id='word_1_447' title='bbox 484 2561 558 2600; x_wconf 90' lang='lat' dir='ltr'>domini</span> <span class='ocrx_word' id='word_1_448' title='bbox 578 2561 617 2599; x_wconf 89' lang='lat' dir='ltr'>mei</span> <span class='ocrx_word' id='word_1_449' title='bbox 640 2560 665 2598; x_wconf 89' lang='lat' dir='ltr'>ad</span> <span class='ocrx_word' id='word_1_450' title='bbox 687 2562 731 2598; x_wconf 82' lang='lat' dir='ltr'>me?</span> <span class='ocrx_word' id='word_1_451' title='bbox 761 2562 788 2598; x_wconf 89' lang='lat'>44</span> <span class='ocrx_word' id='word_1_452' title='bbox 810 2559 871 2598; x_wconf 47' lang='lat' dir='ltr'>Ecce&gt;</span> 
     </span>
     <span class='ocr_line' id='line_1_45' title="bbox 104 2616 863 2667; baseline -0.003 -10"><span class='ocrx_word' id='word_1_453' title='bbox 104 2620 156 2657; x_wconf 92' lang='lat' dir='ltr'>enim</span> <span class='ocrx_word' id='word_1_454' title='bbox 170 2626 194 2657; x_wconf 90' lang='lat' dir='ltr'>ut</span> <span class='ocrx_word' id='word_1_455' title='bbox 208 2619 261 2658; x_wconf 82' lang='lat' dir='ltr'>facta</span> <span class='ocrx_word' id='word_1_456' title='bbox 276 2625 307 2657; x_wconf 93' lang='lat' dir='ltr'>est</span> <span class='ocrx_word' id='word_1_457' title='bbox 321 2630 360 2656; x_wconf 82' lang='lat' dir='ltr'>vox</span> <span class='ocrx_word' id='word_1_458' title='bbox 376 2617 501 2656; x_wconf 85' lang='lat' dir='ltr'>salutacionis</span> <span class='ocrx_word' id='word_1_459' title='bbox 517 2623 557 2656; x_wconf 85' lang='lat' dir='ltr'>tuae</span> <span class='ocrx_word' id='word_1_460' title='bbox 571 2618 592 2655; x_wconf 95' lang='lat' dir='ltr'>in</span> <span class='ocrx_word' id='word_1_461' title='bbox 608 2616 688 2655; x_wconf 88' lang='lat' dir='ltr'>auribus</span> <span class='ocrx_word' id='word_1_462' title='bbox 695 2617 749 2667; x_wconf 73' lang='lat' dir='ltr'>meis,</span> <span class='ocrx_word' id='word_1_463' title='bbox 766 2616 863 2656; x_wconf 79' lang='lat' dir='ltr'>exultavit</span> 
     </span>
     <span class='ocr_line' id='line_1_46' title="bbox 104 2673 863 2723; baseline -0.004 -9"><span class='ocrx_word' id='word_1_464' title='bbox 104 2676 125 2715; x_wconf 92' lang='lat' dir='ltr'>in</span> <span class='ocrx_word' id='word_1_465' title='bbox 140 2677 210 2723; x_wconf 88' lang='lat' dir='ltr'>gaudio</span> <span class='ocrx_word' id='word_1_466' title='bbox 225 2677 289 2714; x_wconf 84' lang='lat' dir='ltr'>infans</span> <span class='ocrx_word' id='word_1_467' title='bbox 312 2676 333 2713; x_wconf 92' lang='lat' dir='ltr'>in</span> <span class='ocrx_word' id='word_1_468' title='bbox 355 2681 411 2713; x_wconf 85' lang='lat' dir='ltr'>utero</span> <span class='ocrx_word' id='word_1_469' title='bbox 433 2688 482 2714; x_wconf 91' lang='grc'><strong>1100.</strong></span> <span class='ocrx_word' id='word_1_470' title='bbox 508 2677 534 2713; x_wconf 84' lang='grc'>45</span> <span class='ocrx_word' id='word_1_471' title='bbox 560 2674 588 2712; x_wconf 89' lang='lat' dir='ltr'>Et</span> <span class='ocrx_word' id='word_1_472' title='bbox 609 2674 668 2713; x_wconf 88' lang='lat' dir='ltr'>beata</span> <span class='ocrx_word' id='word_1_473' title='bbox 692 2687 736 2720; x_wconf 85' lang='lat' dir='ltr'>quae</span> <span class='ocrx_word' id='word_1_474' title='bbox 759 2673 863 2712; x_wconf 87' lang='lat' dir='ltr'>credidisti</span> 
     </span>
     <span class='ocr_line' id='line_1_47' title="bbox 104 2730 863 2781; baseline -0.004 -10"><span class='ocrx_word' id='word_1_475' title='bbox 104 2733 196 2781; x_wconf 85' lang='lat' dir='ltr'>quoniam</span> <span class='ocrx_word' id='word_1_476' title='bbox 211 2733 337 2778; x_wconf 81' lang='lat' dir='ltr'>perficientur</span> <span class='ocrx_word' id='word_1_477' title='bbox 358 2746 381 2770; x_wconf 91' lang='lat' dir='ltr'>ea</span> <span class='ocrx_word' id='word_1_478' title='bbox 400 2744 444 2778; x_wconf 82' lang='lat' dir='ltr'>quae</span> <span class='ocrx_word' id='word_1_479' title='bbox 460 2732 513 2770; x_wconf 86' lang='lat' dir='ltr'>dicta</span> <span class='ocrx_word' id='word_1_480' title='bbox 528 2738 575 2770; x_wconf 89' lang='lat' dir='ltr'>sunt</span> <span class='ocrx_word' id='word_1_481' title='bbox 590 2731 654 2770; x_wconf 87' lang='lat' dir='ltr'>tibia</span> <span class='ocrx_word' id='word_1_482' title='bbox 675 2731 758 2769; x_wconf 89' lang='lat' dir='ltr'>domino.</span> <span class='ocrx_word' id='word_1_483' title='bbox 785 2733 811 2769; x_wconf 82' lang='lat'>46</span> <span class='ocrx_word' id='word_1_484' title='bbox 834 2730 863 2768; x_wconf 88' lang='lat' dir='ltr'>Et</span> 
     </span>
     <span class='ocr_line' id='line_1_48' title="bbox 104 2787 863 2837; baseline -0.005 -8"><span class='ocrx_word' id='word_1_485' title='bbox 104 2791 133 2829; x_wconf 83' lang='lat' dir='ltr'>ait</span> <span class='ocrx_word' id='word_1_486' title='bbox 147 2789 211 2828; x_wconf 83' lang='lat' dir='ltr'>Maria</span> <span class='ocrx_word' id='word_1_487' title='bbox 226 2789 340 2836; x_wconf 84' lang='lat' dir='ltr'>Magnifieat</span> <span class='ocrx_word' id='word_1_488' title='bbox 355 2789 418 2828; x_wconf 90' lang='lat' dir='ltr'>anima</span> <span class='ocrx_word' id='word_1_489' title='bbox 433 2801 476 2827; x_wconf 87' lang='lat' dir='ltr'>mea</span> <span class='ocrx_word' id='word_1_490' title='bbox 491 2789 596 2837; x_wconf 85' lang='lat' dir='ltr'>dominnm,</span> <span class='ocrx_word' id='word_1_491' title='bbox 615 2789 642 2827; x_wconf 83' lang='lat'>47</span> <span class='ocrx_word' id='word_1_492' title='bbox 659 2793 679 2826; x_wconf 85' lang='lat' dir='ltr'>et</span> <span class='ocrx_word' id='word_1_493' title='bbox 694 2788 792 2826; x_wconf 81' lang='lat' dir='ltr'>exultavit</span> <span class='ocrx_word' id='word_1_494' title='bbox 807 2787 863 2834; x_wconf 87' lang='lat' dir='ltr'>spiri-</span> 
     </span>
    </p>
   </div>
   <div class='ocr_carea' id='block_1_3' title="bbox 0 0 940 2914">
    <p class='ocr_par' dir='ltr' id='par_1_3' title="bbox 0 0 940 2914">
     <span class='ocr_line' id='line_1_49' title="bbox 0 0 940 2914; baseline 0 0"><span class='ocrx_word' id='word_1_495' title='bbox 0 0 940 2914; x_wconf 95' lang='lat' dir='ltr'> </span> 
     </span>
    </p>
   </div>
  </div>
 </body>
</html>
