1837 2928
77 96 97 133 O.
110 99 126 131 8,
425 96 484 129 Marc.
810 97 834 132 51

77 228 124 263 runt
139 221 225 269 Septem.
257 226 267 260 ὃ
283 220 347 259 Iussit
361 234 408 260 vero
423 220 480 259 Iesus
495 230 519 259 ut
539 219 603 259 turbae
619 219 764 259 discumberent
779 232 839 266 super

77 287 160 319 terram:
178 284 198 316 et
208 279 305 329 accipiens
313 284 388 325 septem
396 291 456 325 panes
466 277 510 316 illos
518 276 583 327 Iesus,
598 277 673 323 gracias
682 290 740 323 agens
748 277 809 325 fregit
817 281 838 315 et

51 335 53 340 ’
78 337 133 376 dedit
141 336 242 382 discipulis
250 340 274 374 ut
281 341 413 387 apponerent3
426 340 447 373 et
461 338 596 382 apposuerunt
603 331 672 373 turbis.
690 333 701 371 1
717 334 838 374 Habuerunt

77 400 143 433 autem
159 397 179 431 et
193 406 265 439 paucos
280 393 395 440 pisciculos:
411 398 432 431 et
446 392 500 439 ipsos
515 391 617 431 benedixit
632 396 653 429 et
676 390 736 428 iussit
759 391 837 438 apponi.

78 454 89 489 8
105 450 134 489 111
148 449 315 489 manducaverunt
330 456 351 488 et
365 450 450 489 saturati
465 454 517 498 sunt,
541 455 562 487 et
577 447 700 487 sustulerunt
715 448 767 493 equod
782 461 839 494 supe-

76 513 156 547 raverat
181 506 335 555 fragmentorum
360 512 436 554 sept-em
459 512 542 552 sportas.
582 510 592 543 9
623 504 688 543 Ilrant
713 510 779 543 autem
805 504 839 552 qui

76 565 242 603 manducaverant
264 564 320 611 quasi
342 569 427 613 quatuor
445 563 506 601 millia
525 563 626 601 hominum
646 568 667 600 et
689 562 765 600 dimisit
787 561 837 600 illos.

78 626 104 661 10
126 621 183 660 Iesus
199 626 265 659 autem
280 620 386 660 ascendens
402 633 471 666 navem
493 621 549 659 venit
564 631 608 658 cum
627 619 729 666 discipulis
752 619 794 657 suis
818 619 839 656 in

76 679 147 718 finibus
171 678 260 725 Mageda.
293 682 317 715 11
348 678 376 716 111
401 683 507 724 coeperunt-
530 676 629 715 Pharisaei
652 677 767 722 conquirere
794 689 837 714 cum

77 748 105 783 eo,
130 740 240 783 quaerentes
263 736 286 773 ab
302 748 324 773 eo
340 736 416 782 signum
439 735 462 772 de
486 734 534 773 caelo
549 733 616 772 videre
632 737 751 779 temptantes
775 733 837 771 illum.

79 796 104 831 12
120 791 167 839 Ipse
183 795 248 829 autem
263 791 392 838 ingemiscens
407 792 428 829 in
443 791 516 837 spiritu
526 803 561 829 suo
577 790 606 827 ait
614 788 667 835 Quid
682 791 783 837 generacio
799 790 838 827 ista

76 851 148 896 quaerit
165 849 256 895 signum?
277 848 351 887 ¹Amen
367 849 409 886 dico
425 847 481 886 vobis
498 846 519 886 si
542 846 622 885 dabitur
644 847 768 894 generacioni
790 847 838 884 huic

77 907 159 953 signum.
192 908 216 942 13
240 904 268 943 111
283 905 385 943 dimittens
404 917 437 943 eos
460 904 549 942 ascendit
571 916 640 941 navem
664 908 684 941 et
707 902 757 941 abiit
778 903 837 943 ultra.

79 965 104 1000 14
119 961 148 1000 111
163 961 219 1001 obliti
234 967 281 1000 sunt
296 961 388 1010 discipuli
405 974 468 1000 emere
483 974 550 1010 panes,
566 960 606 998 nisi
620 974 681 998 unum
696 965 773 999 tantum
781 973 839 1006 quem

77 1032 143 1058 secum
167 1019 266 1058 habebant
290 1019 311 1057 in
335 1020 386 1058 naui.
416 1023 440 1056 15
467 1017 495 1056 111
519 1017 611 1065 praecipit
632 1017 671 1056 illis
694 1017 751 1056 lesus
772 1018 838 1055 dicens

76 1075 156 1125 Videt-e,
173 1081 194 1113 11
208 1081 276 1115 cavete
292 1089 303 1113 a
318 1075 414 1114 fermento
429 1075 615 1114 Pharisaeorumet
629 1075 726 1112 fermento
742 1075 837 1113 Herodis.

78 1137 103 1172 16
120 1131 164 1178 Quo
180 1132 247 1170 audito
264 1132 355 1178 discipuli
371 1132 462 1171 dicebant
477 1133 530 1170 intra
545 1145 566 1170 se
582 1132 634 1178 quod
641 1144 703 1178 panes
711 1144 749 1170 non
757 1131 837 1171 habent.

21 1189 24 1192 ’
78 1191 104 1228 17
121 1188 164 1235 Quo
181 1190 257 1236 cognito
272 1188 329 1227 Iesus
345 1190 374 1227 ait
388 1189 429 1228 illis
445 1186 498 1234 Quid
514 1188 606 1235 cogitatis
621 1189 642 1226 in
657 1188 748 1227 cordibus
763 1188 836 1227 restris

78 1247 124 1293 quia
138 1258 198 1293 panes
214 1259 252 1285 non
267 1245 359 1284 habetis?
374 1246 461 1285 nondum
482 1245 660 1292 intelligitisl-nec
674 1246 788 1292 respicitis?
810 1245 840 1283 sic

78 1303 148 1343 obtusa
170 1306 216 1340 sunt
238 1302 297 1341 corda
318 1305 398 1341 vestra?
426 1306 450 1340 18
474 1302 541 1341 oculos
556 1301 634 1340 habetis
649 1308 670 1340 11
684 1302 770 1340 nondum
785 1302 839 1340 vide

76 1361 110 1410 tis,
133 1364 154 1398 et
169 1372 225 1398 aures
240 1359 318 1398 habetis
341 1366 362 1398 et
376 1373 414 1398 non
437 1358 516 1408 auditis,
533 1358 604 1397 necin
619 1364 685 1397 mente
700 1359 794 1398 habetis?
812 1362 837 1396 io

77 1416 100 1455 de
112 1417 198 1463 quinque
205 1416 288 1464 panibus
302 1428 349 1463 quos
358 1417 408 1464 fregi
418 1417 438 1455 in
447 1415 601 1462 quinquemillia
611 1416 718 1466 hominum,
730 1428 755 1455 ex
767 1415 838 1464 quibus

77 1478 126 1521 quot
140 1473 212 1511 cofinos
227 1473 381 1520 fragmentorum
404 1473 528 1512 sustulistis?
552 1470 592 1518 Qui
615 1473 707 1511 dixerunt
722 1473 838 1511 Duodecim.

77 1534 104 1569 20
120 1530 148 1568 Et
164 1530 241 1577 quando
257 1535 333 1576 septem
348 1543 409 1577 panes
424 1530 475 1576 fregi
497 1530 518 1568 in
541 1534 626 1575 quatuor
647 1530 716 1580 nillia,
738 1530 840 1568 hominum

76 1592 124 1632 quot
139 1592 216 1633 sportas
232 1587 386 1633 fragmentorum
401 1587 476 1625 tulistis
491 1586 573 1633 plenas?
600 1586 631 1624 At
652 1587 682 1625 illi
699 1587 791 1625 dixerunt
806 1585 840 1624 Se-

75 1650 136 1690 ptem.
153 1647 176 1680 21
196 1642 224 1681 Et
239 1645 267 1681 ait
281 1643 322 1681 illis
338 1641 439 1689 Quomodo
455 1643 541 1681 nondum
556 1642 683 1690 intelligitis?
705 1648 731 1681 22
747 1644 775 1681 111
783 1656 839 1681 vene·

76 1706 123 1739 runt
137 1699 258 1738 Bethsaida:
275 1705 296 1738 et
310 1711 355 1738 ecce
371 1700 471 1738 adducunt
485 1700 515 1738 illi
531 1712 604 1738 caecum
621 1706 641 1738 et
649 1706 769 1747 rogaverunt
783 1700 840 1738 illum

76 1762 100 1795 ut
117 1770 162 1795 eum
184 1761 279 1803 tangeret.
311 1760 336 1794 23
360 1757 388 1794 Et
410 1756 532 1803 apprehensa
558 1769 617 1795 manu
640 1758 688 1796 caeci
709 1757 767 1795 duxit
782 1756 838 1794 illum

76 1819 132 1852 extra
147 1812 254 1862 castellum,
271 1818 292 1850 et
307 1813 376 1861 expuit
390 1813 411 1851 iu
427 1812 493 1851 oculos
509 1813 551 1851 eius
568 1817 588 1851 et
603 1813 700 1860 imposuit
714 1813 744 1852 illi
759 1826 838 1851 manum

76 1876 97 1909 et
111 1870 241 1916 interrogauit
256 1869 312 1907 illum
326 1870 344 1907 si
360 1870 435 1916 aliquid
450 1869 534 1909 videret.
558 1871 585 1907 24
601 1869 638 1908 1111
654 1876 720 1908 autem
736 1870 787 1908 dixit
803 1869 838 1908 Vi-

77 1926 113 1965 deo
127 1926 217 1964 homines
232 1926 285 1965 siout
299 1926 379 1966 arbores
395 1926 523 1966 ambulantes.
550 1930 575 1964 25
601 1925 630 1965 111
651 1940 720 1965 rursus
743 1927 839 1973 imposuit

76 1996 145 2022 manus
168 1995 213 2021 suas
229 1996 288 2030 super
303 1983 371 2022 oeulos
392 1984 440 2033 eius,
466 1989 487 2021 et
502 1983 568 2029 coepit
590 1983 664 2035 videre,
691 1987 711 2022 et
733 1986 839 2022 restitutus

77 2047 108 2079 est
124 2040 142 2078 ei
157 2040 212 2078 uisus
227 2041 257 2078 ita
271 2045 295 2078 ut
309 2040 387 2079 videret
401 2040 506 2079 manifeste
522 2045 548 2078 26
564 2039 593 2078 Et
608 2040 684 2079 dimisit
698 2040 754 2079 illum
769 2043 789 2079 in
808 2040 840 2078 do·

76 2109 129 2135 mun]
139 2109 194 2133 suam
201 2096 319 2143 praecipiens
327 2097 346 2134 ei
353 2110 377 2135 ne
386 2097 418 2135 cui
427 2097 502 2135 diceret
511 2097 532 2134 in
540 2096 648 2135 castellum.
665 2099 692 2135 27
703 2096 731 2135 Et
738 2098 839 2144 profectus

76 2153 121 2191 inde
129 2152 186 2190 Iesus
202 2163 246 2190 cum
263 2152 365 2199 discipulis
378 2154 419 2192 suis
429 2153 484 2192 venit
495 2154 516 2192 in
533 2152 615 2192 castella
629 2152 726 2193 Oaesareae
739 2153 837 2200 Philippi:

77 2210 132 2247 etin
147 2209 180 2247 ria
194 2209 328 2256 interrogabat
343 2209 449 2257 discipulos
465 2223 511 2249 suos
537 2210 604 2248 dicens
626 2211 655 2248 eis
671 2209 735 2256 Quem
749 2224 780 2249 me
796 2223 838 2248 esse

77 2265 145 2304 dicunt
159 2265 263 2304 homines?
287 2269 313 2303 28
337 2264 377 2312 Qui
399 2266 544 2313 responderunt
566 2266 595 2305 illi
618 2267 708 2308 dicentes
730 2267 838 2306 Iohannem

76 2322 190 2373 baptistam,
209 2322 243 2360 alii
263 2322 350 2372 Heliam,
374 2323 408 2361 alii
431 2329 497 2362 autem
519 2325 576 2370 quasi
598 2337 659 2363 unum
683 2338 707 2363 ex
728 2324 837 2371 prophetis.

76 2379 134 2426 Ipsos
150 2384 216 2417 autem
230 2379 360 2426 interrogavit
375 2380 442 2418 dicens
457 2380 500 2419 Vos
517 2394 564 2420 vero
580 2392 638 2428 quem
652 2395 683 2420 me
699 2381 765 2419 dicitis
781 2382 839 2419 esse?

9 2468 11 2474 ὲ
77 2434 114 2475 Oui
129 2435 249 2482 respondens
264 2435 336 2474 Petrus
352 2437 381 2475 ait
396 2437 427 2475 Tu
442 2450 463 2475 es
480 2436 579 2477 Christus.
604 2442 629 2477 30
659 2438 687 2477 111
710 2438 838 2476 comminatus

76 2499 107 2531 est
122 2494 141 2531 ei
156 2492 213 2531 Iesus
228 2499 252 2531 ut
266 2492 340 2531 nemini
361 2493 451 2531 dicerent
473 2494 497 2532 de
520 2507 547 2532 se.
580 2497 604 2532 31
629 2494 657 2533 Et
681 2495 746 2541 coepit
768 2494 839 2532 docere

76 2549 116 2588 illis
132 2550 224 2596 quoniam
239 2555 318 2597 oportet
332 2549 393 2589 filium
408 2550 494 2589 hominis
509 2552 572 2589 multa
596 2552 639 2597 pati
661 2559 682 2591 et
703 2551 805 2597 reprobari
828 2564 839 2589 a

76 2605 187 2645 senioribus
203 2612 224 2644 et
238 2607 360 2654 principibus
375 2606 498 2646 sacerdotum
515 2613 536 2646 et
551 2607 575 2646 ab
598 2608 667 2647 scribis
689 2614 711 2646 et
733 2608 796 2647 occidi
819 2613 839 2645 et

75 2667 121 2709 post
136 2667 177 2700 tres
194 2662 235 2702 dies
250 2676 359 2715 resurgere,
377 2667 402 2702 32
419 2668 439 2701 11
453 2664 519 2710 palam
533 2663 615 2703 verbum
630 2664 753 2712 loquebatur.
775 2662 839 2710 Quem

76 2720 185 2766 suscipiens
200 2719 274 2760 Petrus
290 2721 356 2768 coepit
370 2734 439 2768 rogare
454 2734 479 2759 ne
495 2722 527 2760 cui
541 2722 586 2760 haec
601 2721 682 2762 diceret.
710 2727 735 2761 33
752 2722 780 2760 Et
795 2734 839 2760 con-

75 2789 145 2815 versus
170 2776 239 2816 videns
265 2778 373 2824 discipulos
404 2779 533 2816 comminatus
557 2783 588 2816 est
612 2778 673 2818 Petro
699 2780 766 2825 dicens
781 2778 838 2817 Vade
