1869 2914
103 62 131 97 42
451 52 485 87 Er.
499 50 543 88 sees
784 50 804 86 O.
818 51 833 85 1.
846 51 865 85 2.

102 181 132 219 illi
152 181 176 218 de
198 179 238 218 illa.
273 183 297 217 31
329 177 366 216 Ille
388 178 538 229 11611161116111
561 178 691 225 apprehendit
711 190 789 216 manum
812 178 864 216 eius:

103 244 123 275 et
138 237 212 275 levavit
227 250 269 275 eam
285 242 305 274 et
321 236 413 274 continuo
433 234 515 280 reliquit
537 248 580 273 eam
602 235 669 285 febris,
694 242 714 274 et
736 235 823 274 surrexit
845 240 866 272 et

102 293 228 333 ministrabat
243 294 280 336 611,
310 297 336 331 32
359 291 448 338 Vespere
471 298 537 330 autem
559 292 619 343 facto,
643 307 687 332 cum
709 292 814 332 occidisset
836 291 865 330 sol

102 352 211 391 afferebant
233 351 257 389 ad
278 364 322 389 eum
338 362 404 388 omues
426 348 476 387 male
498 348 593 388 habentes
615 352 675 389 variis
697 349 822 398 languoribus
845 354 865 387 et

102 423 136 449 eos
152 410 186 457 qui
201 415 222 447 et
237 407 334 447 daemonia
356 405 460 457 habebant,
487 411 512 445 33
536 411 557 445 et
586 408 649 446 omnis
672 409 741 448 ciuitas
765 406 865 446 convenie-

102 467 137 505 bat
152 467 177 505 ad
192 467 270 505 ianuam
285 466 327 503 eius
345 467 370 502 34
387 470 407 502 et
422 463 504 502 curabat
518 464 591 503 multos
614 465 664 503 male
686 465 781 504 habentes
803 464 864 502 variis

102 524 235 573 languoribus,
251 528 272 561 et
279 521 376 560 daemonia
386 520 448 559 multa
463 521 527 570 eiecit,
544 527 565 559 et
579 535 618 560 non
628 522 757 569 permittebat
772 534 796 559 ea
810 520 864 567 loqui

101 582 194 628 quoniam
209 579 351 627 cognoscebant
366 591 417 617 eum.
442 582 467 616 35
491 578 520 616 111
535 578 619 617 diluculo
634 580 702 617 'exiens
718 578 764 617 inde
780 577 830 617 abiit
843 578 864 616 in

103 639 203 677 desertum
218 638 288 686 locum,
304 635 370 682 ibique
386 635 461 674 orabat.
486 640 510 674 at
527 636 634 674 1111611111
658 641 704 675 sunt
725 636 781 674 illum
797 634 864 674 Simon

102 702 123 734 et
138 695 172 741 qui
187 708 231 733 cum
246 694 279 732 illo
296 702 358 738 erant,
383 694 408 731 37
430 692 517 730 dieentes
533 692 552 730 61
567 690 688 738 Quaerebant
702 699 722 731 te
746 706 813 732 omnes
837 695 862 731 33

101 750 179 797 Quibus
193 753 236 798 ipse
252 751 281 789 ait
288 749 361 788 Eamus
376 751 396 787 in
404 750 504 796 proximos
512 749 566 788 vicos
574 757 595 788 et
603 750 693 789 civitates
701 750 822 797 praedicare:
839 748 864 787 ad

102 810 139 847 hoc
155 810 206 847 euim
221 809 274 847 veni.
291 812 316 845 33
332 806 361 844 111
375 812 418 844 erat
433 806 543 853 praedicans
558 807 579 844 in
593 820 691 855 synagoga
703 808 765 846 omnis
782 805 864 845 Galileae

101 874 123 904 et
138 866 235 905 daemonia
250 865 337 903 eiiciens.
367 867 394 902 40
417 864 515 902 1111161111
537 863 562 901 ad
585 877 629 903 eum
644 865 733 912 leprosus
756 864 863 911 deprecans

101 937 153 973 eum,
170 931 190 962 et
205 923 271 961 dicens
287 921 371 960 Domine
386 921 403 959 si
418 921 455 971 vis,
474 927 531 967 potes
547 933 577 959 me
592 922 693 960 mundare.
716 924 741 959 41
760 921 816 960 lesus
832 933 864 958 an·

102 986 142 1018 tem
157 981 251 1018 misertus
267 984 298 1016 est
313 978 355 1016 eius
371 983 390 1015 et
414 977 520 1015 extendens
543 990 621 1016 manum
644 992 705 1024 suam,
732 978 783 1016 dixit
805 977 862 1023 Volo,

100 1037 201 1075 mundare.
219 1039 246 1074 42
261 1035 290 1073 Et
305 1034 397 1073 discessit
412 1033 436 1072 ab
452 1047 474 1072 eo
490 1034 550 1081 lepra7
567 1040 588 1072 et
602 1035 707 1074 mundatus
723 1042 759 1074 est.
783 1037 810 1072 44
826 1034 863 1072 Ait

101 1094 131 1132 illi
157 1093 209 1132 Vide
238 1092 311 1131 nemini
338 1091 418 1139 dixeris,
454 1091 489 1129 scd
516 1091 566 1129 vade
596 1092 677 1130 ostende
707 1098 727 1130 te
757 1091 862 1138 sacerdoti,

100 1158 121 1189 et
138 1151 207 1189 offeres
222 1163 257 1197 pro
273 1148 413 1187 emundacione
429 1153 464 1186 tua
478 1161 548 1186 munus
564 1149 615 1195 quod
630 1150 725 1196 praecepit
740 1149 826 1200 Moyses)
842 1149 863 1186 in

101 1208 236 1246 testimonium
251 1206 300 1246 illis,
317 1208 343 1243 45
360 1206 389 1243 At
404 1204 437 1243 ille
453 1218 543 1251 egressus
559 1206 624 1252 coepit
642 1206 750 1253 praedicare
774 1211 794 1244 et
809 1205 863 1243 diffa-

101 1278 155 1303 mare
178 1277 294 1314 sermonem,
316 1263 345 1300 ita
367 1268 390 1300 ut
412 1274 450 1300 non
479 1268 548 1309 posset
569 1263 673 1301 manifeste
695 1264 715 1301 in
739 1263 863 1302 1111111611]-

102 1323 163 1361 troire
188 1322 222 1360 sed
237 1321 286 1360 foris
305 1320 326 1358 in
349 1319 433 1358 desertis
448 1318 496 1358 locis
512 1332 560 1368 esse,
583 1326 603 1358 ct
622 1320 764 1359 conveniebant
778 1320 803 1358 ad
818 1333 862 1358 enm

102 1379 195 1426 undique.

159 1433 184 1478 ll.
218 1439 226 1473 1
244 1434 331 1472 Etcum
346 1432 434 1471 venisset
449 1430 586 1479 Capharnaum
601 1438 647 1479 post
664 1433 712 1472 dies.
737 1439 749 1472 2
772 1434 862 1472 auditum

101 1499 132 1531 est
147 1492 199 1539 quod
214 1493 235 1530 in
250 1491 306 1529 domo
322 1495 382 1541 esset,
397 1495 418 1527 et
433 1489 536 1527 confestim
551 1496 684 1528 convenerunt
698 1491 723 1529 ad
738 1504 781 1529 eum
797 1490 860 1540 multi,

101 1551 130 1588 ita
145 1556 168 1588 ut
183 1562 221 1587 non
236 1553 316 1595 caperet
334 1559 366 1585 eos
389 1547 482 1584 introitus
505 1547 576 1594 ianuae,
600 1553 621 1585 61
642 1547 759 1594 loquebatur
781 1548 806 1586 ad
828 1560 861 1586 eos

98 1607 188 1645 verbum.
220 1610 230 1643 3
261 1604 364 1642 Venerunt
385 1609 451 1641 autem
471 1603 495 1641 ad
511 1617 554 1641 eum
569 1610 671 1650 portantes
691 1605 711 1642 in
733 1605 784 1643 lecto
806 1618 862 1651 para-

100 1664 189 1710 lyticum.
208 1666 220 1701 4
236 1662 264 1700 Et
279 1673 322 1699 cum
338 1674 377 1698 non
391 1666 472 1707 possent
487 1660 579 1699 accedere
601 1674 642 1707 prae
665 1661 730 1712 turba⁷
753 1662 862 1700 denudave-

100 1727 147 1759 runt
164 1726 217 1758 tecta
232 1719 266 1757 ubi
282 1722 325 1756 erat
340 1717 396 1755 Iesus
413 1723 433 1755 et
449 1718 591 1767 summiserunt
605 1718 706 1764 grabatum
729 1719 750 1756 in
766 1731 804 1765 quo
828 1732 861 1766 pa-

99 1778 195 1826 ralyticus
210 1775 293 1815 iacebat.
312 1780 322 1813 5
340 1773 389 1813 (lum
404 1774 488 1812 vidisset
503 1781 568 1812 autem
583 1774 640 1813 Iesus
656 1776 714 1814 fidem
731 1775 816 1825 illorum,
833 1776 862 1814 ait

100 1835 208 1882 paralytico
223 1833 270 1881 Fili,
286 1832 415 1870 remittuntur
430 1831 467 1869 tibi
482 1838 562 1877 peccata
577 1838 618 1870 tua.
635 1837 645 1870 5
662 1832 725 1871 Erant
740 1832 862 1885 autemvillia

100 1892 180 1938 quidam
196 1891 220 1928 de
235 1889 305 1928 scribis
320 1888 411 1927 sedentes
427 1894 448 1925 61
463 1888 570 1934 cogitantes
586 1889 607 1926 in
622 1889 713 1927 cordibus
729 1891 770 1927 suis
791 1896 811 1927 et
834 1889 862 1928 di-
910 1919 912 1922 .

101 1956 173 1987 centes.
192 1950 203 1985 1
220 1945 273 1992 Quid
288 1952 319 1983 est
333 1945 366 1982 hic
381 1945 414 1990 qui
430 1945 458 1982 sie
472 1944 561 1990 loquitur
575 1945 721 1992 blasphemias?
737 1947 780 1994 quis
796 1952 862 1985 autem

100 2010 168 2051 potest
183 2004 283 2042 dimittere
298 2007 379 2048 peecata
393 2001 432 2040 nisi
447 2002 499 2039 solus
516 2001 577 2040 deus?
601 2006 612 2040 3
629 2001 673 2048 Quo
690 2004 766 2050 cognito
775 2002 832 2041 lesus
841 2003 861 2042 in

101 2062 175 2108 spiritu
190 2060 238 2106 quid
253 2059 362 2106 cogitarent
377 2058 428 2096 dixit
443 2058 468 2096 ad
489 2058 533 2096 illos
549 2056 602 2104 Quid
621 2060 712 2107 cogitatis
734 2060 755 2098 in
771 2060 861 2099 cordibus

100 2119 173 2157 vestris
190 2118 285 2163 nequam?
302 2121 313 2154 9
330 2113 383 2161 Quid
395 2120 429 2153 ‘est
444 2115 528 2166 facilius,
547 2116 612 2155 dicere
627 2117 735 2163 paralytico
750 2117 862 2156 Remittun-

100 2182 135 2214 tur
150 2175 188 2214 tibi
202 2180 283 2221 peccata
298 2179 339 2221 tna,
355 2178 390 2210 aut
405 2172 469 2210 dicere
485 2171 547 2220 Surge
563 2180 583 2211 et
598 2174 687 2213 ambula?
712 2178 735 2213 10
750 2174 779 2214 Ut
795 2175 862 2213 sciatis

99 2239 167 2271 autem
184 2232 230 2278 quia
244 2235 362 2277 potestatem
377 2228 438 2267 habet
452 2229 504 2268 filius
526 2230 611 2269 hominis
630 2231 652 2269 in
673 2237 727 2269 terra
749 2231 863 2270 dimittendi

101 2297 188 2337 peccata,
205 2289 233 2326 ait
248 2287 362 2334 paralytico.
380 2290 403 2323 11
421 2285 483 2333 Surge
499 2287 581 2325 attolle
596 2287 699 2335 grabatum
713 2294 770 2326 tuum
785 2294 806 2326 et
813 2288 862 2326 vade

102 2348 122 2385 in
130 2347 208 2385 domum
217 2352 277 2384 tuam.
290 2343 414 2381 1211111616
423 2356 503 2390 surgens
512 2344 588 2383 sublato
596 2345 677 2392 grabato
685 2358 721 2383 suo
730 2358 795 2383 coram
803 2346 863 2383 omni-

101 2403 138 2442 bus
147 2403 196 2442 abiit
209 2403 238 2440 ita
245 2408 269 2439 ut
277 2401 421 2438 admirarentur
431 2400 495 2439 turbae
507 2408 527 2439 et
536 2401 688 2440 honorificarent
699 2402 763 2452 deum,
775 2401 862 2440 dicentes

102 2461 194 2506 quoniam
209 2471 307 2504 nunquam
318 2457 385 2495 taliter
399 2457 498 2496 viderunt.
516 2462 540 2496 13
556 2458 585 2496 111
596 2471 711 2505 progressus
723 2464 754 2496 est
761 2471 829 2497 rursus
838 2459 863 2497 ad
911 2476 913 2479 ·

101 2531 154 2555 mare
170 2523 191 2554 et
206 2528 272 2554 omnes
288 2514 352 2552 turbae
367 2514 472 2553 veniebant
487 2514 512 2552 ad
527 2528 579 2565 eum,
595 2523 615 2553 et
630 2515 713 2553 docebat
729 2528 767 2554 ecs.
786 2518 812 2554 14
834 2515 862 2554 111

102 2587 146 2612 cum
161 2573 285 2620 praeterisset
299 2571 351 2609 vidit
365 2570 458 2609 Iacobum
473 2571 554 2619 Alphaei
569 2572 649 2611 sedente
671 2572 696 2609 ad
710 2572 816 2619 teloneum,
842 2578 863 2612 et

102 2632 131 2668 ait
145 2630 175 2668 illi
190 2629 277 2675 Sequere
292 2642 329 2666 me.
359 2628 387 2666 Et
402 2641 507 2676 exsurgens
523 2636 602 2667 secutus
618 2635 649 2667 est
664 2642 714 2669 eum.
739 2634 763 2668 15
779 2630 808 2668 Et
822 2630 862 2668 fac·

102 2693 146 2724 tum
162 2693 192 2724 est
207 2685 375 2724 discumbentibus
390 2685 429 2723 11111
444 2686 465 2724 in
481 2686 544 2736 domo,
565 2686 622 2724 multi
640 2685 739 2733 publicani
754 2693 775 2726 et
797 2700 863 2734 pecca·
892 2728 894 2732 ,

103 2751 157 2782 tores
172 2742 231 2781 simul
245 2742 385 2781 recumbebant
400 2755 442 2780 cum
457 2742 505 2781 Iesu
520 2750 541 2781 ct
556 2757 599 2782 eum
615 2743 716 2790 discipulis
732 2744 786 2783 eius:
807 2751 864 2782 erant
