1837 2928
43 60 62 95 0.
78 58 107 93 16.
441 86 444 93 .
774 66 799 101 93

41 186 93 233 quod
108 187 230 234 dispergeret
244 185 295 225 bona
310 188 357 226 eins.
389 192 401 226 2
424 188 452 226 111
467 189 573 227 accersitus
589 164 622 226 001
634 189 718 243 (10111111οΙ
728 203 763 229 suo
779 195 800 228 01

42 244 70 281 ait
85 243 115 282 illi
131 242 184 290 Quid
198 244 235 282 hoc
251 243 308 282 aridio
325 244 348 282 de
364 247 396 283 te?
411 245 471 284 redde
491 247 588 284 racionem
604 245 731 285 villicationis
747 254 798 286 tuac:

41 301 81 338 iam
96 302 147 338 enim
162 313 201 338 non
215 301 289 346 poteris
304 301 397 339 villicare.
415 307 425 340 3
442 303 479 340 Ait
494 308 560 340 autem
570 302 640 340 vilicus
654 303 707 340 intra
717 316 738 341 se
747 302 800 349 Quid

41 356 118 408 faciam,
144 357 190 402 quia
205 356 294 394 dominus
309 370 364 395 meus
380 358 457 396 auferet
478 372 533 397 ame
557 358 710 396 villicacionem?
733 360 800 398 fodere

41 426 80 451 non
94 413 157 456 10100,
172 413 282 451 mendicare
298 414 397 452 erubesco.
414 417 427 451 4
444 413 547 461 Cognitavi
563 412 610 462 quid
625 414 703 462 faciam,
718 419 742 453 ut
757 429 800 453 cum

41 474 117 507 amotus
132 469 189 508 fuero
205 484 216 507 a
230 469 352 509 villicacione
367 471 464 517 recipiant
479 484 509 509 me
525 472 545 509 in
561 472 627 509 domos
643 483 695 509 suas.
719 475 730 509 5
752 470 801 510 (1011-

41 526 116 563 rocatis
138 527 205 571 itaque
230 526 311 572 singulis
334 527 456 566 debitoribus
482 528 555 565 domini
579 528 610 565 sni
635 527 713 565 dicebat
737 529 799 573 primo

42 580 141 626 Quantum
157 582 215 621 debes
231 582 308 620 domino
323 585 381 621 meo?
412 588 423 621 1
440 583 469 621 At
483 583 516 620 1110
532 582 674 621 dixitllcntum
689 584 798 622 vasosolei.

40 638 136 685 Dixitque
151 639 181 678 illi
191 639 265 687 Accipe
279 639 348 678 literas
363 645 407 678 tuas
423 646 443 679 01
458 640 503 679 sede
519 641 558 679 cito
574 640 636 678 scribe
652 640 798 688 quinquaginta.

27 697 53 736 '7
71 696 147 735 Deinde
163 697 200 741 alio
212 698 262 736 dixit
272 697 304 736 Tu
317 704 412 746 quantum
429 697 487 738 debes
506 697 583 737 domino
594 699 653 737 mco?
669 698 705 736 Ait
716 696 799 738 [lentum

40 767 96 792 coros
107 755 176 792 tritici.
199 754 357 801 111111-1100100
371 755 503 802 litterastuas
518 761 539 794 et
553 755 598 793 sede
615 754 678 793 scribe
693 757 798 803 octoginta.

42 814 53 849 8
69 810 97 848 111
112 811 200 850 laudarit
215 811 304 849 dominus
319 812 406 850 villicum
419 812 537 862 iniquitatis,
554 812 606 860 quod
620 811 727 859 prudenter
742 813 798 850 fecit:

40 867 92 905 dixit
102 875 167 906 autem
178 868 203 905 ad
213 868 320 914 discipulos
331 882 387 908 suos:
403 869 452 907 Filii
461 869 521 906 huius
532 868 599 908 saeculi
606 868 745 914 prudenciores
754 875 800 907 sunt

40 936 98 971 oriam
108 925 145 962 11111
154 924 204 962 lucis
214 925 234 963 in
244 925 281 962 hac
291 926 425 971 generacione.
442 931 452 963 9
468 925 496 963 111
506 938 541 973 ego
553 926 595 963 dico
603 924 666 974 vobis7
677 925 736 963 facite
744 925 799 965 vobis

40 980 112 1017 amicos
128 981 152 1018 de
167 992 276 1019 mammona
291 982 410 1028 iniquitatis,
429 988 452 1019 nt
467 993 511 1019 cum
526 981 638 1020 defeceritis
653 981 750 1027 recipiam
764 995 798 1019 vos

40 1036 59 1073 in
76 1042 151 1074 aeterna
166 1037 296 1076 tabernacula.
329 1042 354 1076 10
385 1036 424 1083 Qui
446 1037 509 1074 fidelis
529 1044 559 1075 est
585 1038 606 1074 in
626 1037 713 1082 minimo,
736 1043 757 1075 01
778 1039 799 1075 111

40 1092 103 1129 maius
117 1092 180 1130 fidelis
196 1101 232 1141 est,
249 1099 270 1130 01
284 1093 350 1137 quiin
365 1094 441 1131 modico
464 1094 543 1140 iniquus
559 1099 595 1143 est,
611 1093 667 1129 etin
682 1093 744 1130 maius
759 1094 796 1130 ini-

39 1159 90 1194 quus
106 1155 141 1188 001,
160 1152 183 1185 11
202 1148 224 1186 si
239 1161 284 1194 ergo
299 1149 320 1186 in
335 1150 402 1196 iniquo
410 1162 519 1186 mammona
528 1149 595 1186 fideles
610 1161 649 1185 non
663 1148 738 1198 fuistis,
747 1149 799 1196 qiiod

39 1217 107 1243 verum
123 1209 153 1243 001
168 1205 212 1252 qius
228 1204 295 1244 credet
309 1205 379 1246 vobis?
412 1209 436 1244 12
461 1204 521 1244 Etsi
541 1207 562 1244 in
585 1204 647 1243 alieno
669 1204 798 1244 fidelesenon

40 1262 107 1301 fuistis
123 1264 175 1312 quod
189 1271 277 1303 uestrum
293 1265 382 1311 estquis
399 1264 454 1303 dabit
468 1263 537 1303 vobis?
571 1267 593 1303 13
609 1262 672 1302 Nemo
688 1277 756 1303 servus
766 1277 799 1311 00-

39 1326 80 1358 1001
95 1320 170 1360 duobus
194 1321 277 1359 dominis
293 1323 379 1362 servire:
405 1328 439 1359 aut
464 1322 515 1359 enim
537 1335 597 1359 unum
613 1321 667 1359 odiet
682 1327 702 1358 01
716 1322 799 1359 alterum

40 1376 111 1427 diligit,
132 1384 166 1416 aut
185 1379 219 1416 uni
234 1378 344 1418 adhaerebit
365 1385 385 1417 01
407 1379 490 1417 alterum
513 1378 629 1417 contemnit:
654 1391 693 1416 non
715 1379 798 1424 potestis

40 1434 77 1472 deo
93 1436 167 1475 servire
182 1443 203 1474 01
218 1449 338 1475 mammonae.
357 1438 382 1474 14
398 1435 514 1475 Audiebant
529 1441 594 1474 antem
608 1435 652 1474 11000
668 1436 732 1474 omnia
747 1436 799 1474 Pha·

40 1491 101 1541 risaei,
117 1493 150 1539 qui
165 1500 222 1531 erant
237 1493 297 1543 avari7
313 1500 334 1531 et-
349 1493 465 1531 deridebant
480 1492 541 1533 illum.
575 1497 598 1530 15
615 1492 643 1530 Et
658 1492 687 1529 ait
701 1492 740 1530 illis
756 1492 799 1531 Vos
820 1496 822 1500 ⁴

39 1548 89 1586 estis
105 1549 138 1596 qui
160 1549 271 1587 iustificatis
293 1563 328 1588 vos
351 1563 416 1588 coram
440 1548 558 1599 hominibus,
582 1549 629 1587 deris
655 1554 720 1586 autem
745 1550 800 1588 novit

39 1605 100 1642 corda
114 1612 189 1645 vestra:
209 1607 254 1653 quia
265 1607 316 1654 quod
326 1607 437 1645 bominibus
448 1606 510 1644 altum
520 1612 557 1653 est,
573 1606 706 1644 abhominucio
715 1613 799 1644 estante

38 1661 104 1699 deum.
137 1667 161 1700 11
177 1662 220 1710 Lex
235 1669 255 1700 01
269 1664 372 1708 prophetae
387 1675 449 1709 usque
464 1663 489 1700 ad
503 1662 622 1701 Iohannem:
640 1675 664 1699 ex
679 1675 702 1699 eo
717 1676 798 1709 regnum

39 1717 72 1754 dei
87 1718 233 1764 evangelizatur
248 1725 268 1756 01
283 1732 349 1757 omnes
364 1720 385 1756 in
399 1719 454 1756 illum
469 1719 509 1755 vim
523 1719 605 1756 faciunt.
630 1719 655 1755 11
671 1717 757 1756 Facilius
769 1727 799 1756 001

39 1778 106 1809 autem
124 1774 194 1811 caelum
209 1780 229 1811 et
244 1779 316 1817 terram
331 1775 435 1820 praeterire
457 1785 514 1821 quam
537 1774 561 1811 de
583 1774 625 1819 lege
648 1773 717 1811 cadere
738 1787 799 1811 unum

39 1829 121 1874 apicem.
155 1834 179 1868 18
196 1829 577 1878 0011110011(1110111110110101110110111
598 1836 617 1867 01
641 1829 695 1867 ducit
717 1830 799 1868 alteram

39 1886 161 1940 moechatur,
177 1889 245 1938 etqui
261 1888 360 1928 dimissam
376 1900 388 1927 a
402 1889 445 1928 viro
462 1888 516 1927 ducit
531 1888 651 1928 moechatur.
684 1891 708 1927 11
733 1888 798 1927 Homo

38 1950 105 1983 autem
121 1948 199 1995 quidam
215 1948 275 1997 dives,
292 1948 410 1987 induebatur
425 1960 512 1994 purpura
527 1953 547 1986 et
562 1947 627 1997 bysso,
649 1952 669 1985 01
684 1946 800 1993 epulabatur

37 2003 112 2041 cotidie
128 2005 238 2051 splendide:
263 2009 288 2044 20
313 2011 333 2044 01
348 2012 391 2044 0101
406 2005 485 2053 quidam
504 2005 605 2043 mendicus
626 2004 703 2043 nominc
718 2003 799 2043 Eleaza-

39 2072 80 2111 rus,
96 2061 130 2106 qni
144 2061 222 2100 iacebat
236 2062 260 2099 ad
276 2062 354 2100 ianuam
370 2063 412 2100 eius
434 2061 532 2099 ulceribus
554 2062 631 2109 plenus⁷
662 2065 685 2098 21
720 2063 800 2109 cupiens

39 2118 124 2154 saturari
140 2129 164 2155 ex
179 2118 210 2155 his
226 2129 269 2164 quae
285 2118 381 2157 cadebant
397 2119 497 2155 demensa
513 2119 593 2168 divitis3
609 2118 644 2155 sed
660 2125 680 2155 et
696 2129 752 2156 canes
768 2131 800 2155 ve-

37 2172 118 2210 niebant
134 2180 154 2211 01
168 2174 268 2220 lingebant
282 2174 364 2213 vulnera
379 2175 428 2212 eius.
455 2179 481 2211 22
497 2174 581 2211 Factum
597 2182 627 2211 001
642 2181 708 2211 autern
723 2181 746 2212 ut
760 2187 799 2211 mo-

37 2235 116 2267 reretur
130 2229 237 2268 Eleazarus
252 2230 353 2269 mendicus
378 2237 399 2269 01
420 2237 534 2278 portaretur
557 2230 580 2269 ab
604 2231 677 2278 angelis
701 2231 722 2268 in
745 2231 799 2269 sinus

39 2285 137 2326 Abrahae:
153 2298 242 2325 mortuns
258 2293 289 2325 est
304 2295 370 2326 autem
385 2293 406 2326 01
421 2288 475 2326 dives
496 2296 516 2325 01
531 2288 620 2334 sepultus
636 2295 666 2326 cst
681 2288 701 2325 in
716 2288 799 2325 inferno.

38 2346 65 2380 23
82 2342 167 2383 11101010
183 2350 248 2382 autem
264 2344 329 2383 oculos
345 2358 398 2396 suos!
422 2358 466 2395 cuin
482 2351 534 2383 esset
549 2345 569 2383 in
585 2344 694 2391 tormentis
720 2344 800 2383 videbat

37 2398 139 2439 Abraham
156 2415 167 2439 a
181 2401 238 2447 longe
254 2408 274 2439 et
281 2400 399 2440 Eleazarum
414 2402 434 2440 in
450 2402 494 2439 sinu
507 2403 549 2440 eius
560 2402 721 2449 requiescentem„
737 2404 764 2439 24
780 2408 800 2438 et

39 2456 81 2502 ipse
97 2457 181 2497 clamans
197 2459 248 2496 dixit
262 2458 323 2497 Pater
333 2458 440 2503 Abraham,
461 2459 554 2497 miserere
570 2459 619 2497 mihi
634 2464 655 2496 et
676 2458 733 2496 mitte
744 2458 800 2496 Elea·

35 2526 106 2552 aarum
120 2522 143 2554 nt
157 2516 242 2563 intingat
258 2521 367 2554 extremum
383 2516 440 2562 digiti
455 2516 487 2553 sui
502 2517 521 2554 in
538 2528 588 2564 aqua
608 2523 631 2554 ut
646 2516 751 2562 refrigeret
765 2515 800 2552 lin-

38 2584 95 2617 guam
111 2586 180 2624 meam,
196 2575 242 2621 quia
257 2574 333 2611 crucior
348 2574 368 2611 in
383 2573 420 2610 hac
435 2573 518 2612 damma.
550 2578 576 2611 25
593 2573 621 2611 Et
636 2572 801 2618 dixit-illiAbra-

38 2628 144 2680 1101111111,
167 2631 269 2669 recordare
285 2631 331 2678 quia
345 2630 438 2677 recepisti
453 2629 504 2668 bona
518 2631 539 2669 in
554 2631 595 2670 vita
610 2638 645 2668 tua
660 2636 679 2668 01
694 2629 801 2668 Eleazarus

34 2686 130 2725 similiter
144 2688 203 2727 mala:
227 2702 277 2726 nunc
300 2694 365 2726 autem
387 2688 420 2725 hic
442 2687 560 2740 0010010101,
582 2693 616 2726 tuo
638 2700 684 2726 vero
701 2687 801 2726 cruciaris.

35 2746 65 2780 21
81 2743 143 2781 111111
159 2745 190 2782 his
206 2745 295 2784 omnibus
310 2745 362 2782 intel·
377 2757 411 2782 nos
428 2751 448 2781 et
462 2757 497 2783 vos
513 2746 571 2783 cbaos
594 2758 684 2792 magnum
703 2744 801 2783 firmatum
