1869 2914
121 55 146 90 60
467 47 502 83 En.
516 55 551 81 seo.
776 46 795 82 0.
808 46 838 81 13.
851 47 880 81 14.

120 180 205 220 quatuor
229 175 302 225 ventis,
328 188 339 212 a
361 174 431 213 ultimo
454 179 514 212 terrae
536 185 598 221 usque
617 174 641 211 ad
663 187 760 213 summum
782 174 880 213 caelorum.

120 235 146 269 28
173 231 193 269 A
207 231 239 269 fici
255 237 322 269 antem
338 231 407 270 arbore
424 231 493 269 discite
501 230 618 276 parabolam.
650 229 699 269 (lum
714 232 752 269 iam
762 244 828 269 ramus
839 232 881 269 eius

120 293 176 326 tener
191 288 256 327 factus
271 288 333 327 fuerit
347 293 368 326 et
382 287 480 335 prodeunt
494 287 547 335 folia,
563 288 680 334 cognoscitis
702 288 753 335 quod
775 288 796 326 in
817 289 882 335 proxi·

120 358 151 383 mo
167 345 194 383 sit
209 351 280 384 aestas:
303 350 328 383 29
353 345 382 383 111
405 350 425 382 11
439 357 474 383 vos
498 358 541 383 cum
565 344 657 383 videritis
679 347 723 383 liaeo
745 346 810 383 omnia
832 346 882 395 fieri⁷

120 403 191 441 scitote
208 403 299 449 quoniam
314 402 335 439 in
349 401 438 448 proximo
454 407 485 440 est
499 402 520 440 in
535 401 606 439 ianuis.
638 405 663 440 30
687 402 752 440 Amen
767 402 810 440 dico
826 402 903 448 vobis-

121 460 212 507 quoniam
227 473 265 498 non
280 458 364 496 transiet
380 460 482 506 generacio
498 459 537 496 ista
552 458 612 497 donec
627 458 676 496 fiant
691 459 761 500 omnia,
793 463 818 497 31
839 458 882 498 an-

121 516 162 555 lum
178 526 198 555 et
212 524 266 555 terra
280 514 398 564 transibunt,
414 515 474 554 verba
489 521 555 553 autem
562 528 605 553 mea
620 528 659 553 non
674 516 792 555 transibunt.
809 520 835 554 32
851 515 882 554 De

121 573 152 611 die
169 579 233 611 autem
249 573 283 611 illa
297 571 329 611 vel
338 572 388 610 hora
398 585 454 611 nemo
466 573 510 622 seit,
519 585 582 618 neque
593 572 656 619 angeli
666 573 740 612 incaelo
749 584 812 621 neque
822 572 882 624 lilius3

120 631 159 668 nisi
171 630 224 668 solus
239 634 302 677 pater.
328 633 352 667 33
372 628 445 667 Videte
459 630 526 675 itaque
541 634 561 667 et
575 628 668 676 vigilate:
683 631 729 676 quia
739 630 820 668 nescitis
833 635 882 668 tem-

119 700 162 733 pus.
179 685 236 725 Sient
244 687 296 725 enim
306 687 364 725 homo
374 686 475 733 profectus
483 699 563 732 peregre
573 686 646 733 linquit
653 687 731 725 domum
739 700 793 725 suam
802 692 823 725 et
833 687 881 725 dans

120 745 182 782 servis
198 745 239 782 suis
260 749 379 790 potesta-tem
401 743 506 791 unicuique
529 744 594 790 operis
615 743 645 781 sui
675 744 768 794 faciundi,
792 748 813 782 et
834 744 882 782 iani-

120 801 159 839 tori
174 801 271 847 praecepit
285 800 391 847 utvigilet.
410 805 435 838 31
452 799 485 839 Sic
501 800 882 849 1110111111,111111111111111111111

121 858 189 896 veniat
204 858 294 896 dominus
311 857 385 908 domus7
408 871 452 896 sero
475 871 499 895 an
521 857 586 895 media
607 864 664 896 nocte
683 870 708 896 an
722 858 769 905 galli
784 863 843 896 cantu
858 871 882 895 an

120 928 183 965 mane7
209 919 233 953 36
258 928 282 953 11
298 927 341 952 cum
356 914 433 952 venerit
456 914 567 963 derepente,
589 914 676 952 inveniat
698 928 733 953 ros
756 915 882 966 dormientes,

120 984 164 1010 ecce
180 971 221 1009 dixi
236 971 298 1009 vobis.
331 971 357 1009 31
388 969 446 1015 Quod
461 976 526 1008 autem
541 970 596 1010 vobis
613 971 662 1020 dico,
679 972 768 1010 omnibus
784 972 833 1011 dieo.

177 1025 231 1070 Xlll.
265 1032 273 1066 l
290 1027 342 1065 11111
357 1034 422 1065 autem
437 1027 526 1066 futurum
534 1028 607 1074 paseha
622 1033 642 1065 et
657 1041 724 1074 azyma
733 1032 780 1075 post
793 1028 882 1075 biduum,

120 1090 140 1122 et
155 1085 272 1131 quaerebant
287 1085 357 1123 summi
373 1085 484 1123 sacerdotes
500 1091 521 1122 et
536 1084 606 1123 scribae
622 1085 719 1130 quomodo
740 1099 784 1124 eum
792 1091 882 1123 tenerent

120 1141 163 1180 dolo
188 1147 208 1180 et
230 1141 343 1180 occiderent
365 1155 415 1180 eum.
447 1146 459 1179 2
491 1142 589 1180 Dicebant
611 1142 663 1180 enim
684 1141 715 1180 Ne
738 1154 781 1180 oum
806 1143 883 1181 venerit

119 1198 178 1237 turba
193 1200 212 1236 in
229 1198 281 1236 diem
296 1199 376 1248 festum,
392 1198 489 1237 tumultus
505 1199 581 1237 oriatur
595 1199 615 1236 in
630 1199 730 1245 populum.
762 1204 772 1237 3
795 1198 824 1237 Et
839 1213 882 1237 cum

120 1262 173 1294 esset
188 1256 288 1294 Bethania
303 1255 360 1294 111111
375 1257 395 1294 in
412 1256 489 1294 domum
506 1255 591 1294 Simonis
606 1255 679 1302 leprosi
699 1256 833 1295 discumbente
848 1256 882 1294 illo

121 1314 177 1350 uenit
192 1312 262 1351 mulier
277 1313 350 1352 habens
367 1312 471 1359 ampullam
486 1313 581 1360 unguenti
596 1312 653 1350 nardi
668 1313 738 1360 spicati
753 1313 844 1360 preciosi,
861 1319 882 1351 et

122 1369 524 1417 1111111111111111111111111111111111.
548 1372 560 1407 4
584 1367 627 1415 Quo
642 1370 685 1408 viso
708 1370 787 1417 quidam
801 1370 880 1417 indigne

119 1427 208 1465 tulerunt
231 1426 318 1465 dicentes
341 1426 370 1466 Ut
395 1427 443 1474 quid
464 1427 508 1465 haec
535 1426 622 1473 perdicio
644 1428 731 1474 gratuita
759 1428 812 1465 facta
834 1429 880 1465 est?

119 1488 129 1521 5
161 1484 207 1523 Hoc
223 1484 274 1522 enim
288 1489 368 1530 poterat
382 1484 490 1522 venundari
506 1483 591 1522 denariis
607 1484 701 1522 trecentis
717 1488 737 1522 et
752 1485 795 1522 dari
809 1497 880 1531 paupe-

120 1540 181 1580 ribus.
213 1539 242 1578 Et
256 1540 367 1579 fremebant
381 1541 402 1578 in
417 1554 465 1579 eam.
484 1546 494 1579 6
510 1540 567 1579 lesus
582 1553 628 1578 vero
644 1542 672 1578 ait
687 1541 726 1579 illis
737 1539 800 1579 Sinite
815 1541 879 1579 illam:

117 1603 140 1635 ut
155 1598 203 1644 quid
218 1597 296 1636 molesti
315 1598 377 1636 estis?
400 1597 472 1636 bonnm
494 1599 546 1636 enim
569 1611 617 1644 opus
643 1604 724 1644 operata·
747 1603 778 1637 est
799 1599 820 1636 in
841 1612 878 1637 me.

119 1658 129 1692 7
146 1653 228 1701 Semper
243 1655 294 1693 enim
308 1667 405 1703 pauperes
420 1654 498 1693 habetis
513 1654 620 1703 vobiscum,
637 1661 659 1693 et
676 1668 720 1693 oum
727 1655 788 1694 vultis
796 1657 880 1702 potestis

116 1711 157 1749 illis
172 1712 294 1761 benefacere,
310 1725 341 1750 me
359 1717 425 1750 autem
440 1725 479 1750 non
487 1724 563 1758 semper
570 1712 675 1751 habebitis.
693 1715 703 1750 8
720 1710 880 1760 (laeternmquod

116 1768 187 1807 habuit
202 1769 250 1819 lraec,
267 1769 322 1815 11111,
337 1780 477 1816 praeoccupans
492 1774 590 1816 unguento
605 1782 678 1816 ungere
694 1782 764 1816 corpus
779 1782 844 1807 meum
859 1770 880 1808 in

116 1826 245 1872 sepulturam.
273 1830 284 1864 9
301 1826 365 1864 Amen
381 1826 424 1864 dico
439 1825 502 1875 vobis,
518 1826 609 1871 quoniam
624 1826 735 1872 ubieunque
750 1826 880 1873 praedicatum

116 1882 179 1921 1111111
194 1883 231 1920 hoc
247 1882 369 1929 evangelium
384 1883 404 1920 in
420 1887 483 1920 totum
499 1882 565 1920 orbem
581 1882 657 1920 dicetur
672 1887 692 1920 et
707 1883 759 1930 qnod
773 1884 817 1921 lraec
831 1884 880 1921 fecit

117 1939 230 1978 narrabitur
245 1940 265 1977 in
280 1940 393 1977 memoriam
410 1939 457 1976 eius<
483 1942 508 1976 10
524 1938 553 1976 Et
567 1938 627 1977 Iudas
644 1939 753 1988 scariotha,
778 1953 829 1978 unus
855 1940 879 1978 de

117 1995 169 2047 XII,
192 1995 242 2033 abiit
265 1996 289 2033 ad
309 1996 407 2042 principes
423 1995 547 2033 sacerdotum
563 2001 586 2033 ut
599 1996 694 2042 proderet
716 2009 766 2037 enm.
800 2001 823 2034 11
850 1997 879 2035 At

117 2051 147 2090 illi
163 2053 225 2099 gavisi
241 2059 293 2101 sunt,
310 2058 331 2090 11
345 2053 447 2098 pecuniam
462 2052 594 2098 promiserunt
609 2066 630 2091 se
639 2053 719 2092 [laturos
730 2054 758 2093 ei:
775 2059 795 2091 et
805 2066 880 2100 quaere-

118 2109 153 2147 bat
168 2109 264 2154 quomodo
280 2109 336 2147 illum
351 2115 447 2155 oportune
462 2109 556 2147 traderet.
574 2114 599 2147 12
615 2109 698 2149 Factum
714 2116 744 2149 est
754 2117 820 2149 autem
835 2124 879 2149 oum

118 2166 232 2205 advenisset
254 2167 317 2213 prima
340 2166 382 2204 dies
402 2179 521 2216 azymorum,
546 2167 623 2212 quando
647 2167 721 2214 paseha
745 2167 878 2214 immolabant,

117 2223 187 2261 dicunt
202 2224 220 2261 ei
236 2222 327 2269 discipuli
343 2221 387 2268 Quo
402 2223 432 2261 ris
448 2236 514 2261 eamus
529 2230 550 2261 et
564 2237 654 2270 paremus
670 2224 708 2263 tibi
729 2230 752 2263 ut
773 2225 878 2263 manduces

115 2281 203 2327 paseha?
229 2283 253 2318 13
271 2280 299 2317 Et
313 2280 368 2317 misit
384 2280 432 2317 dnos
448 2292 472 2317 ex
488 2280 588 2327 discipulis
604 2282 645 2319 suis
661 2289 681 2319 et
697 2282 726 2319 ait
740 2281 779 2319 illis
802 2281 835 2319 111
857 2282 877 2319 in

115 2337 227 2376 civitatem:
253 2340 273 2375 et
290 2341 370 2375 ocurret
384 2336 440 2375 vobis
456 2336 513 2375 homo
529 2343 610 2383 portans
630 2338 718 2386 lagenam
737 2350 799 2385 aquae,
816 2339 880 2384 sequi-

114 2394 163 2432 mini
179 2407 230 2443 eum,
253 2397 279 2432 14
295 2398 316 2432 11
331 2406 447 2439 quocunque
462 2394 563 2432 introierit
578 2395 638 2432 dicite
654 2395 732 2432 domino
753 2395 821 2433 domus
836 2395 878 2434 Ma-

114 2450 176 2498 gister
192 2456 259 2489 noster
275 2450 326 2488 dicit
341 2449 381 2489 Ubi
397 2455 427 2488 est
448 2450 532 2489 refeccio
557 2451 592 2490 ubi
613 2451 688 2497 pascha
710 2464 754 2489 cnm
776 2452 877 2499 discipulis

114 2508 163 2546 meis
178 2507 307 2545 manducem?
324 2511 348 2544 15
365 2506 393 2545 Et
407 2508 450 2553 ipse
465 2508 520 2546 vobis
536 2508 679 2547 demonstrabit
694 2508 813 2547 caenaculum
829 2515 879 2547 stra-

114 2571 156 2602 tum
172 2570 268 2612 paratum,
285 2564 326 2602 illio
340 2564 435 2610 parabitis
450 2563 512 2602 nobis.
536 2569 560 2603 111
577 2564 605 2602 Et
620 2564 711 2603 abierunt
726 2565 819 2612 discipuli
834 2566 878 2604 11111

115 2626 135 2658 et
149 2627 246 2660 venerunt
261 2622 282 2659 in
297 2621 404 2669 civitatem,
421 2627 441 2659 et
456 2621 546 2660 fecerunt
560 2622 613 2660 sicut
629 2621 707 2660 dixerat
720 2622 766 2672 illis,
788 2628 808 2661 11
823 2636 878 2669 para-

115 2684 188 2715 verunt
202 2680 280 2724 pascha.
316 2679 341 2716 11
372 2677 460 2724 Vespere
481 2684 546 2716 autem
562 2679 615 2726 facto
631 2678 686 2716 venit
701 2678 758 2717 111111
774 2693 817 2718 oum
832 2678 880 2717 ΧΠ

118 2738 142 2772 18
171 2734 199 2772 Et
229 2735 396 2775 discumbentibus
418 2734 458 2773 illis
490 2741 510 2773 et
538 2735 702 2774 manducantibus
732 2736 783 2774 dixit
812 2736 877 2774 Amen
