1869 2914
121 39 147 74 38
468 32 502 67 Ev-
517 42 551 67 sec.
775 29 794 65 U.
808 29 837 62 19.
850 28 881 63 20..

120 168 185 199 auteur
201 161 234 199 illo
250 161 403 200 substernebant
422 162 540 200 vestimenta
561 173 596 198 sna
617 161 637 197 in
659 161 697 199 via.
729 161 754 198 37
784 158 812 197 Et
834 172 880 197 cum

120 219 245 265 appropiaret
260 218 299 256 iam
315 219 340 256 ad
355 219 469 257 descensum
490 218 563 255 montis
585 216 659 267 oliveti7
683 222 789 263 coeperunt
811 212 877 253 omncs

119 275 183 314 turbae
191 276 298 322 gaudentes
306 274 385 313 laudare
394 275 472 314 domum
480 287 527 313 voce
535 287 610 322 magna,
627 277 653 312 38
662 275 749 312 dicentes
757 273 878 312 Benedictus

119 333 153 378 qui
168 333 223 370 venit
238 333 258 371 in
268 333 346 371 nomine
357 333 440 371 domini:
455 331 570 371 benedictus
579 344 620 382 rex,
628 344 667 377 pax
676 332 696 369 in
706 331 753 370 caelo
762 336 782 370 et
788 330 849 378 gloria
857 330 880 368 in

119 389 208 427 excelsis.
235 394 259 428 33
276 390 304 427 Et
319 390 397 435 quidam
411 389 560 428 Pharisaeorum
575 388 598 425 de
614 388 672 426 turba
680 388 773 426 dixerunt
783 388 807 426 ad
822 387 877 425 illum

119 447 220 495 Magister,
236 448 315 492 increpa
330 446 380 486 illes.
411 450 438 484 40
463 444 538 491 Quibus
558 445 600 490 ipse
616 445 667 483 dixit
681 445 731 483 Dice
746 445 801 484 vobis
817 445 834 482 si
856 445 877 482 hi

119 501 223 549 tacuerint,
239 503 314 548 lapides
330 502 446 542 clamabunt.
477 504 501 540 41
520 501 547 540 nt
562 501 658 547 quomode
669 502 798 551 appropiavit,
808 501 878 539 videns

119 560 219 597 civitatem
234 559 289 596 flevit
304 571 363 604 super
377 559 437 604 illam¹
454 559 520 596 dicens
543 560 569 595 42
586 556 637 602 Quia
652 559 669 596 si
685 559 809 605 cognovisses
821 563 876 607 etta,

119 616 196 661 quidem
212 616 231 652 in
247 616 283 652 hac
299 615 330 652 die
346 622 386 659 tua,
412 628 457 662 qnae
472 615 497 652 ad
511 626 578 660 pacem
601 614 638 651 tibi
663 620 734 661 essent,
758 628 809 652 nunc
830 627 880 652 vero·

119 671 233 708 abscondita
248 677 295 708 sunt
310 671 333 709 ab
349 671 410 709 oculis
426 673 477 710 tuis:
508 673 534 707 43
559 670 604 714 quia
619 672 699 707 venient
714 670 756 708 dies
771 671 792 708 in
807 675 833 719 te,
857 677 878 707 et

118 726 268 764 circumdabunt
278 734 298 764 te
308 727 383 765 inimici
393 728 424 765 tui
433 727 491 777 valle,
503 732 523 764 et
533 725 682 764 circumdabunt
689 732 708 764 te
717 726 810 774 undique,
821 728 848 763 44
857 734 878 763 et

119 783 143 821 ad
158 793 230 821 terram
246 789 372 830 prosternent
386 788 406 822 te
421 790 442 821 et
458 783 507 821 filios
528 782 561 829 (pu
579 788 626 820 sunt
641 782 662 820 in
677 788 703 828 te,
725 787 746 820 et
761 794 801 820 non
820 781 877 820 relin-

119 849 180 889 quent
194 841 279 889 lapidem
295 855 353 890 supra
368 842 454 889 lapidem
469 842 490 880 in
507 847 527 879 te
541 841 638 890 universa,
656 854 678 880 eo
694 840 746 888 qriod
756 853 794 879 non
809 851 877 888 cogno-

119 902 171 939 veris
188 908 264 947 tcmpas
280 900 401 939 visitacionis
416 906 463 939 tuae.
495 902 520 937 45
546 899 575 937 Et
589 899 688 947 ingressus
704 899 797 946 templum
813 900 878 945 coepit

118 958 189 996 eiicere
204 957 310 995 vendentes
326 960 345 994 in
361 958 394 995 illo
410 964 431 995 et
446 963 539 1005 ementes7
563 962 583 994 et
605 968 681 994 mensas
703 956 876 994 nummulariorum

119 1014 187 1052 effudit
210 1022 230 1051 et
253 1014 355 1051 cathedras
378 1014 507 1052 vendencium
530 1012 628 1052 columbas
651 1014 729 1063 evertit,
759 1016 785 1051 46
810 1012 876 1051 diceus

119 1071 219 1117 Scriptum
236 1077 266 1108 est
280 1070 307 1108 Et
323 1072 362 1108 erit
377 1071 445 1109 domus
465 1084 508 1108 mea
530 1071 598 1108 domus
622 1071 727 1109 oracionis:
752 1083 785 1109 vos
811 1078 876 1108 autem

117 1128 192 1165 t'eeistis
209 1127 262 1165 illam
278 1127 389 1173 speluncam
411 1128 514 1165 latronum.
547 1129 573 1164 47
598 1126 626 1165 Et
648 1133 691 1165 erat
712 1127 783 1168 doeens
805 1127 878 1165 cotidie

118 1186 138 1221 in
154 1184 233 1230 temple.
264 1183 368 1229 Principes
384 1189 449 1222 autem
465 1183 588 1221 sacerdotum
604 1189 624 1221 et
639 1183 709 1221 scribae
725 1189 745 1221 et
759 1183 878 1230 principales

117 1240 180 1287 plebis
196 1240 310 1286 qriaerebant
328 1240 383 1278 illuni
407 1241 495 1287 perdere.
529 1243 555 1277 48
580 1248 600 1277 et
622 1253 661 1277 non
682 1240 807 1278 inveniebant
830 1240 877 1287 qiud

118 1298 206 1335 facerent
221 1297 262 1334 illi:
279 1297 341 1334 omnis
357 1297 407 1334 enim
423 1296 507 1344 populus
523 1309 629 1342 suspensus
645 1302 686 1334 erat
702 1296 783 1334 audiens
799 1296 860 1336 illum

177 1350 224 1394 liii..
257 1355 267 1390 i
284 1353 312 1390 Et
327 1354 401 1391 factum
417 1360 447 1391 est
462 1355 482 1390 in
498 1364 537 1390 arua
553 1353 627 1390 dierum
644 1353 725 1391 docente
740 1353 773 1391 illo
782 1353 875 1399 populum

117 1411 137 1447 in
153 1409 224 1455 templo
241 1416 261 1447 ct
276 1409 420 1456 evangelizante
435 1423 458 1447 eo
473 1414 570 1447 venerunt
588 1409 686 1455 principes
709 1409 832 1447 sacerdotum
855 1416 876 1447 et

118 1465 187 1503 scribae
202 1478 245 1502 cum
261 1465 377 1512 senioribus,
409 1470 421 1502 2
441 1473 461 1503 et
476 1466 531 1503 aiunt
547 1465 633 1502 dicentes
649 1466 673 1502 ad
688 1465 743 1502 illum
758 1466 797 1503 Dic
812 1466 873 1513 nobis⁷

118 1523 137 1558 in
154 1533 192 1567 qua
206 1526 305 1565 potestate
320 1522 362 1557 lraee
377 1521 433 1570 faecis,
459 1527 493 1557 aut
513 1521 556 1565 quis
580 1526 610 1557 est
633 1522 666 1565 spu
689 1520 744 1558 dedit
765 1521 803 1558 tibi
824 1521 876 1558 hane

117 1579 250 1624 peotestatem?
282 1581 291 1614 3
308 1576 435 1622 Respondeas
451 1583 517 1613 autem
533 1576 583 1613 dixit
598 1576 623 1613 ad
638 1576 681 1614 illos
697 1576 823 1622 interrogabo
839 1590 874 1614 vos

117 1640 137 1673 et
159 1648 194 1682 ego
217 1632 303 1682 verbnm,
329 1634 446 1682 respondete
466 1634 524 1672 mihi:
556 1635 568 1671 4
593 1632 711 1681 baptismum
733 1633 827 1673 loha-nnis
850 1634 875 1672 de

118 1693 165 1731 caelo
182 1698 224 1731 erat
240 1706 263 1730 an
279 1706 303 1731 ex
318 1693 444 1730 hominibus?
471 1697 481 1730 a
498 1692 526 1730 At
542 1691 571 1730 illi
581 1691 693 1738 cogitabant
708 1693 760 1731 intra
774 1706 795 1731 se
811 1692 875 1731 dicen-

117 1757 146 1788 tes
163 1748 214 1795 Quia
229 1751 246 1788 si
262 1750 369 1788 dixerimus
380 1750 409 1788 De
425 1750 479 1795 caelo,
496 1750 548 1787 dicet
563 1749 618 1788 nobis
628 1748 693 1795 Quare
708 1764 746 1789 non
762 1750 875 1789 credidistis

116 1808 160 1846 illi?
191 1812 201 1845 6
218 1808 246 1845 Et
261 1808 278 1845 si
294 1807 400 1844 dixerimus
416 1807 448 1845 Ab
464 1807 580 1854 honrinibas,
604 1807 659 1853 plebs
674 1809 765 1847 universa
779 1807 875 1854 lapidabit

116 1878 157 1912 nos,
174 1864 223 1902 certi
238 1871 284 1901 sunt
299 1865 351 1901 euim
366 1863 474 1901 Iohannem
489 1864 603 1909 prophetam
618 1863 686 1903 fuisse.
719 1867 729 1903 t
754 1864 782 1902 Et
797 1878 874 1911 respon-

118 1921 189 1958 derunt
201 1921 297 1957 dicentes:
314 1920 424 1957 Nescimus.
445 1920 473 1957 Et
481 1919 537 1956 lesus
553 1919 581 1956 ait
596 1919 635 1957 illis
641 1919 709 1965 Neque
720 1934 755 1966 ege
765 1921 808 1959 dico
818 1921 875 1959 vobis

116 1978 137 2014 in
152 1990 190 2022 (pua
200 1983 299 2022 potestate
309 1976 352 2013 haee
362 1976 419 2014 facio.
437 1980 447 2012 9
465 1974 535 2021 Coepit
545 1982 609 2013 atatem
620 1976 677 2014 Iesus
686 1977 750 2015 dicere
764 1978 787 2014 ad
797 1977 875 2024 plebem

116 2034 166 2070 hanc
181 2031 299 2076 parabolam.
330 2032 414 2069 Vineam
429 2032 526 2077 plantavit
540 2032 598 2069 honre
614 2038 635 2070 et
649 2032 721 2071 locavit
736 2047 778 2071 cam
794 2034 873 2081 colonis,

116 2095 136 2126 et
151 2100 231 2134 peregre
247 2087 286 2124 fuit
301 2087 368 2125 multis
384 2088 509 2133 temporibus.
543 2092 567 2125 10
584 2088 611 2125 nt
626 2089 709 2135 quodam
724 2095 811 2136 tempore
820 2090 875 2127 misit

115 2144 140 2181 ad
155 2144 240 2181 cultores
255 2155 333 2180 servum
348 2156 405 2181 suum
420 2149 443 2180 nt
458 2144 482 2180 de
497 2144 564 2181 fructu
577 2145 726 2194 vineaexdarent
740 2146 779 2186 illi:
796 2145 823 2183 Et
838 2159 874 2183 cae-

115 2213 157 2237 sum
173 2200 228 2236 illum
244 2199 366 2238 dimiserunt.
399 2201 423 2236 ll
447 2199 475 2236 Et
497 2199 573 2236 addidit
593 2200 676 2237 alterum
691 2203 770 2239 mittere
785 2206 883 2239 servum:'

114 2256 143 2293 illi
159 2262 224 2293 autem
239 2256 291 2292 hunc
306 2267 383 2301 <tuoque
399 2267 471 2292 eaesum
487 2261 507 2292 et
522 2257 563 2292 sine
578 2256 652 2293 honore
665 2257 872 2296 dirniseruntinanenr⁴

118 2317 141 2350 12
157 2312 185 2350 Et
200 2311 277 2350 addidit
292 2311 374 2349 tercium
390 2312 479 2349 mittere:
504 2317 524 2349 et
542 2311 597 2350 illum
620 2313 745 2352 vulneratum
767 2313 873 2352 eiecerunt.

120 2375 142 2408 13
174 2370 231 2408 Dixit
260 2375 326 2407 autem
351 2369 440 2408 dominns
470 2369 534 2408 vineae
559 2367 612 2416 Quid
636 2371 719 2410 faciam?
749 2371 787 2410 nisi
812 2371 873 2410 filium

114 2442 177 2466 meum
203 2428 339 2466 charissimum
364 2427 454 2465 mittam?
478 2427 561 2466 forsitan
584 2428 636 2467 enim
658 2430 709 2468 hunc
724 2429 873 2468 reverebuntur*

117 2488 140 2522 11
158 2483 220 2530 Quem
236 2498 279 2522 cum
295 2484 385 2521 viderent
400 2484 468 2533 coloni,
485 2485 620 2531 cogitaverunt
634 2486 686 2524 inter
702 2500 722 2524 se
739 2487 875 2525 dicentesHie

115 2549 145 2580 est
166 2542 232 2580 heres:
256 2541 366 2579 occidamus
390 2554 439 2587 euni,
463 2548 485 2578 ut
506 2548 573 2580 nestra
593 2544 632 2580 erit
653 2543 759 2583 hereditas.
798 2548 821 2582 15
846 2543 874 2582 Et

114 2599 198 2636 eiectum
219 2598 274 2636 illum
297 2605 353 2635 extra
375 2598 450 2635 vineam
474 2599 592 2637 oeciderunt,
624 2597 677 2644 Quid
702 2614 747 2647 ergo
763 2601 822 2639 faciet
840 2601 875 2639 do-

114 2655 177 2692 minus
193 2656 271 2693 vineae?
289 2659 314 2692 it
331 2654 404 2691 Veniet
419 2660 439 2692 et
454 2655 522 2700 perdet
538 2655 615 2694 colones
631 2657 686 2705 istos,
703 2663 723 2695 et
734 2657 789 2696 tiabit
796 2658 873 2696 vineam

113 2711 163 2750 aliis.
195 2710 238 2756 Quo
254 2711 321 2749 andito
337 2711 429 2748 dixerunt
444 2712 473 2748 illi
488 2711 554 2752 Absit.
588 2715 612 2750 17
636 2712 672 2751 llle
688 2720 753 2752 autem
777 2715 874 2760 aspiciens
