1869 2914
114 34 139 70 34
433 24 437 29 ”
458 16 493 60 Er.
506 36 541 61 sec.
770 26 790 61 G.
803 25 831 60 25.
843 19 873 61 26.

112 154 242 193 constituam:
258 152 311 190 intra
325 152 346 190 in
361 152 453 199 gaudium
470 152 543 190 domini
558 152 594 190 tui.
618 157 645 190 22
666 152 757 190 Accessit
772 157 838 189 autem
853 157 876 189 et

111 210 145 258 qui
167 209 205 247 duo
221 208 298 247 talenta
313 214 416 254 acceperat
439 214 459 246 et
481 209 509 246 ait
531 209 621 252 Domine,
644 202 683 247 duo
704 208 779 246 talenta
800 207 873 245 dedisti

110 266 167 315 mihi,
183 278 228 304 ecce
244 265 283 304 alia
298 265 336 305 duo
351 264 439 304 lucratus
454 277 503 304 sum.
521 270 546 304 23
563 265 601 304 Α11
614 265 645 304 1111
660 265 750 305 dominus
761 265 803 304 eius
809 263 872 317 Euge,

111 323 354 374 1111111111111111111111
379 323 424 372 quia
439 337 499 371 super
513 336 576 371 pauoa
597 323 666 374 fidelis,
690 337 749 371 super
770 322 832 362 multa
852 329 873 362 te

111 382 242 422 constituam:
259 383 313 420 intra
328 382 455 429 ingaudium
478 382 552 421 domini
574 383 610 422 tui.
635 384 662 421 24
682 382 784 421 Aeeedens
806 387 872 420 autem

111 441 145 490 qui
160 454 219 486 unum
236 439 331 478 talentum
347 446 449 486 acceperat
464 440 493 478 ait
508 439 553 479 Seio
569 439 653 490 domine,
676 440 722 486 quia
737 440 795 479 homo
805 439 873 478 durus

111 511 139 547 es,
157 504 177 536 et
191 504 254 536 metes
269 496 303 535 ubi
318 510 356 536 non
372 497 481 549 seminasti,
502 504 523 536 et
538 510 641 545 congregas
656 494 692 536 ubi
706 510 745 535 non
770 496 871 543 sparsisti:

111 560 137 594 25
155 560 175 594 11
190 556 262 593 timens
278 554 317 593 abii
333 559 353 593 et
368 554 461 593 abscondi
476 555 572 594 talentum
588 561 644 593 tuum
659 554 679 592 in
694 557 759 592 terra:
777 554 871 592 1111111-

109 613 144 652 bes
161 612 213 658 quod
228 618 284 650 tuum
300 617 336 661 est.
354 615 379 650 23
395 611 525 659 Respondeas
541 618 606 651 autem
623 611 712 650 dominus
728 612 771 649 eius
787 610 838 649 dixit
853 611 872 649 ei

108 669 199 715 Nequam
210 681 266 707 serve
274 668 324 706 male
340 674 360 706 ct
375 669 436 718 piger,
452 668 528 707 sciebas
539 669 586 716 quia
596 674 648 707 meto
658 668 693 705 ubi
703 681 742 706 non
752 668 834 717 semino,
851 674 871 706 11

110 739 204 773 congrego
219 725 254 764 ubi
265 739 303 763 non
314 728 398 773 spargo?
415 727 441 764 27
452 727 541 772 oportuit
551 738 596 772 ergo
607 731 627 763 te
636 725 758 764 committere
766 724 871 771 pecuniam

109 796 172 821 meam
187 782 309 832 numulariis,
333 788 354 820 et
375 783 455 821 ueniens
479 796 514 830 ego
536 782 654 829 recepissem
678 782 729 828 quod
751 795 816 819 meum
841 787 872 819 est

110 843 136 878 28
153 839 227 878 Tollite
243 839 267 878 ab
283 852 305 877 eo
321 839 388 885 itaque
404 840 506 890 talentum,
529 845 550 878 et
573 840 617 877 date
637 840 655 877 ei
679 839 712 886 qui
727 839 788 878 habet
803 838 870 877 decem

109 896 189 935 talenta.
207 902 232 935 29
250 895 310 935 Omni
326 897 377 934 enim
393 896 474 935 habenti
489 896 569 935 dabitur
585 902 605 934 et
620 895 739 945 abundabit3
766 897 784 933 ei
804 901 871 934 autem

109 954 143 1001 qui
168 967 206 992 non
231 953 297 1004 hahet,
327 958 348 991 et
378 953 429 1001 quod
454 953 514 991 habet
539 953 639 991 auferetur
666 952 692 994 ab,
716 966 745 991 eo¹
780 957 805 990 30
823 952 826 959 “
843 951 872 991 Et
896 971 897 974 ¹

108 1022 192 1056 nequam
209 1010 393 1056 servumproiicite
409 1010 498 1048 ferasin
520 1009 611 1048 tenebras
627 1009 745 1048 exteriores:
768 1008 809 1047 illie
832 1010 872 1047 erit

109 1068 168 1106 fietus
184 1073 205 1105 et
220 1066 294 1106 stridor
310 1067 405 1105 (1111111111,
431 1070 454 1105 31
473 1065 521 1105 Cum
538 1071 603 1105 autem
618 1066 695 1105 venerit
710 1065 762 1104 filius
784 1066 869 1105 hominis

109 1125 130 1162 in
144 1124 248 1162 maiestate
264 1136 306 1173 sua,
323 1129 343 1162 et
358 1136 423 1161 omnes
444 1123 507 1170 angeli
530 1137 573 1162 cum
593 1136 623 1173 eo,
646 1129 693 1161 tune
714 1122 791 1162 sedebit
811 1136 871 1170 super

111 1181 176 1220 sedem
192 1181 302 1219 maiestatis
317 1193 365 1229 suae,
390 1185 416 1218 32
437 1185 457 1219 11
480 1179 648 1228 congregabuntur
670 1185 715 1218 ante
738 1193 782 1218 eum
803 1193 869 1219 omnes

109 1243 177 1285 gentes
193 1244 214 1276 et
229 1237 339 1284 segregabit
354 1250 386 1275 eos
403 1237 525 1276 abinvicem
545 1237 597 1275 sieut
620 1242 689 1284 pastor
710 1243 801 1285 segregat
823 1250 872 1276 oves

109 1295 132 1334 ab
147 1294 217 1344 haedis,
242 1298 267 1332 33
285 1301 304 1332 et
320 1299 396 1333 statuet
411 1307 456 1333 oves
475 1308 486 1332 a
508 1294 583 1333 dextris
606 1295 653 1342 suis,
676 1293 744 1333 haedos
769 1299 835 1333 autem
858 1308 869 1333 a

109 1352 202 1390 sinistris
220 1354 246 1390 34
262 1351 317 1389 Tune
333 1351 386 1389 dioet
400 1365 436 1389 rex
450 1351 482 1389 his
498 1351 532 1397 qui
547 1365 558 1389 a
573 1351 647 1389 dextris
664 1351 706 1389 eius
732 1356 779 1390 sunt
793 1350 867 1389 Venite

108 1409 206 1447 benedicti
221 1409 283 1455 patris
299 1409 344 1457 mei‚
367 1408 466 1454 possidete
481 1421 562 1455 regnum
582 1408 634 1454 quod
656 1407 712 1447 vobis
734 1413 867 1454 praeparatum

108 1472 139 1503 est
154 1464 178 1502 ab
194 1464 268 1511 origine
282 1465 342 1502 huius
357 1465 431 1502 mundi.
456 1468 480 1502 35
497 1464 578 1502 Esurivi
597 1465 649 1502 enim
671 1470 691 1501 et
714 1464 796 1502 dedistis
817 1465 866 1502 mihi

108 1521 230 1570 manducare,
247 1520 302 1558 sitiri
317 1527 338 1558 11
353 1520 435 1558 dedistis
450 1521 499 1558 mihi
513 1520 587 1570 bibere,
602 1521 674 1567 hospes
690 1533 742 1558 eram
758 1526 779 1558 et
789 1520 866 1558 collexi-

108 1578 144 1616 stis
159 1590 197 1628 me7
215 1581 239 1615 33
256 1576 320 1614 nudus
336 1581 356 1615 et
370 1576 460 1615 vestistis
475 1590 512 1626 me,
534 1577 622 1616 infirmus
638 1583 658 1615 et
673 1576 770 1615 visitastis
785 1590 822 1626 me,
845 1578 866 1616 in

107 1647 184 1672 carcere
200 1646 253 1671 eram
268 1638 289 1671 et
303 1633 386 1671 venistis
402 1634 427 1671 ad
442 1646 479 1672 me.
504 1635 529 1671 37
546 1633 601 1671 Tune
616 1633 762 1680 respondebunt
784 1634 803 1672 ei
817 1634 865 1671 iusti

107 1691 194 1729 dieentes
209 1690 299 1738 Domine,
315 1690 391 1737 quando
407 1696 427 1727 te
442 1690 527 1728 vidimus
543 1691 662 1728 esurientem
684 1697 705 1727 et
726 1690 815 1737 parimus
837 1696 865 1741 te⁷

107 1747 206 1785 sitientem
222 1752 243 1784 et
257 1746 347 1784 dedimus
362 1746 400 1784 tibi
414 1746 496 1785 bibere?
520 1750 545 1785 33
567 1744 649 1791 Quando
665 1752 730 1785 autem
745 1753 766 1785 te
779 1746 866 1784 uidimus

106 1803 203 1849 hospitem
215 1810 235 1841 et
243 1804 364 1849 suscepimus
373 1809 407 1840 aut
414 1803 488 1841 nudum
496 1808 516 1840 et
523 1803 639 1842 vestivimus
650 1805 685 1841 te?
700 1808 725 1841 39
737 1798 780 1841 Aut
788 1803 865 1848 quando

106 1870 126 1899 te
148 1859 233 1898 vidimus
248 1859 346 1898 infirmum
362 1864 396 1897 aut
411 1859 431 1898 in
447 1872 550 1908 carcerem,
567 1864 587 1897 et
601 1859 690 1898 venimus
706 1859 731 1898 ad
746 1861 779 1899 te?
795 1861 821 1899 to
837 1859 865 1899 Et

106 1917 225 1964 respondens
240 1930 276 1955 rex
291 1917 319 1955 cis
335 1916 388 1955 dicet
407 1917 446 1956 illis
462 1917 526 1956 Amen
549 1930 604 1956 amen
627 1917 670 1956 dico
692 1917 754 1968 robis,
778 1918 865 1964 quandiu

106 1975 182 2014 fecistis
197 1976 232 2013 uni
247 1975 317 2013 horum
338 1974 423 2013 fratrum
445 1987 532 2014 meorum
554 1975 685 2021 minimorum,
710 1976 759 2014 mihi
781 1976 863 2016 fecistis.

106 2035 130 2070 41
149 2031 204 2069 Tune
219 2031 271 2069 dicet
287 2038 307 2070 et
322 2032 353 2069 his
369 2032 403 2077 qui
418 2045 430 2070 a
445 2031 531 2070 sinistris
548 2032 589 2070 eius
612 2038 659 2071 sunt
672 2032 776 2071 Discedite
799 2046 810 2070 a
832 2046 864 2072 me

105 2087 211 2140 maledicti
227 2089 255 2127 ite
270 2089 290 2127 in
306 2089 369 2136 ignem
385 2094 488 2137 aeternum,
504 2102 561 2136 quem
568 2090 646 2136 paravit
656 2089 864 2137 patermeusdiabolo

105 2153 125 2186 et
140 2146 214 2194 angelis
230 2146 278 2185 eius.
300 2149 329 2190 ι42
351 2145 433 2186 Esurivi
455 2147 507 2185 enim
529 2154 550 2186 et
568 2160 606 2186 non
622 2147 704 2186 dedistis
719 2148 769 2187 mihi
783 2148 863 2187 mandu-

106 2217 156 2253 care,
173 2204 228 2242 sitivi
243 2210 264 2241 et
278 2217 317 2242 non
332 2203 414 2242 dedistis
430 2204 479 2242 mihi
494 2204 567 2253 bibere,
591 2207 617 2243 43
634 2206 705 2251 hospes
721 2219 774 2244 eram
789 2211 810 2243 et
825 2219 864 2244 non

105 2260 211 2307 collegistis
227 2273 264 2309 me,
281 2261 344 2298 nudus
360 2266 381 2298 et
396 2273 434 2298 non
450 2261 579 2307 cooperuistis
594 2274 632 2308 me,
648 2260 737 2301 infimius
752 2262 807 2300 etin
824 2275 863 2299 ear-

104 2330 167 2355 cerem
183 2323 203 2355 et
218 2329 256 2354 non
271 2316 369 2355 visitastis
382 2330 420 2356 me.
436 2319 463 2355 44
479 2317 534 2356 Tune
544 2318 690 2365 respondebunt
700 2324 721 2356 et
728 2319 767 2367 ipsi
775 2317 863 2356 dieentes

104 2374 195 2424 11111111,
211 2373 287 2420 quando
303 2380 323 2412 te
338 2373 423 2412 vidimus
439 2375 558 2414 esurientem
573 2381 608 2413 aut
627 2376 728 2414 sitientem
743 2380 777 2414 aut
798 2375 863 2422 hospi-

104 2437 144 2469 tem
158 2430 189 2469 vel
207 2430 281 2469 nudum
297 2430 366 2469 autin
381 2444 478 2470 carcerem
493 2440 528 2471 aut
542 2432 645 2482 infirmum,
662 2436 683 2470 et
697 2445 735 2470 non
745 2431 864 2471 ministravi·

103 2500 146 2526 mus
161 2488 214 2526 tibi?
232 2491 258 2526 45
275 2488 331 2526 Tune
345 2488 472 2534 respondebit
486 2495 507 2527 11
516 2490 564 2536 ipsis
580 2489 646 2528 dicens
661 2488 726 2527 Amen
741 2489 784 2527 dieo
799 2488 861 2536 vobis,

103 2544 190 2591 quandiu
203 2557 242 2583 non
257 2544 333 2582 feeistis
348 2545 383 2582 uni
398 2556 422 2583 ex
437 2545 521 2584 minimis
538 2546 575 2595 his,
591 2558 627 2584 nee
636 2545 685 2583 mihi
700 2545 782 2586 fecistis¹
799 2546 863 2585 46111

103 2600 161 2639 ibunt
175 2602 196 2639 hi
211 2601 312 2648 inignem
327 2606 429 2652 aeternum,
444 2602 494 2641 iusti
509 2609 575 2642 autem
589 2603 611 2640 in
625 2603 686 2641 vitam
703 2608 804 2642 aeternam.

175 2654 250 2699 XXVI,
283 2662 292 2695 l
316 2657 344 2696 Et
366 2657 440 2697 factum
463 2665 493 2697 est
514 2665 619 2707 postquam
641 2661 783 2698 consummavit
804 2659 862 2698 Iesus

102 2725 201 2757 sermones
216 2714 251 2751 hos
268 2727 340 2766 omnes,
358 2714 409 2752 dixit
424 2714 525 2762 discipulis
541 2716 583 2754 suis
606 2720 618 2753 2
635 2715 695 2754 Scitis
712 2716 757 2764 quia
771 2722 818 2762 post
834 2716 862 2755 bi-

102 2770 162 2808 duum
186 2770 259 2816 pascha
280 2771 320 2820 fiet,
351 2778 371 2808 et
393 2771 444 2810 filius
467 2772 552 2811 hominis
572 2772 663 2811 tradetur
685 2776 708 2810 ut
730 2772 861 2819 crucifigatur.
