1869 2914
127 60 153 97 12
483 53 517 89 1111.
531 63 566 88 see.
822 52 842 88 G.
859 54 886 89 10.
904 106 906 109 Α

127 184 194 221 domus
221 181 290 221 Israel.
323 185 333 219 1
357 181 433 220 Nautes
459 187 523 219 autem
549 179 656 227 praedicate
681 180 768 219 dieentes
796 181 887 228 quoniam

127 239 291 286 appropinquavit
312 252 393 286 regnum
420 238 517 277 caelorum.
543 242 553 276 8
577 236 668 276 Infirmos
688 238 776 288 visitate,
800 243 889 276 mortuos

127 297 228 344 suscitate,
252 296 339 343 leprosos
361 295 459 346 mundate!
483 295 574 334 demones
595 294 670 333 eiieite:
691 296 756 342 gratis·
777 295 888 346 accepistis,

127 354 187 401 gratis
204 354 254 392 date.
280 358 290 391 9
314 352 381 391 Nolite
401 352 502 399 possidere
525 365 593 391 aurum
616 363 679 400 neque
702 356 804 399 argeutum
827 364 889 400 neque

129 411 231 457 pecuniam
246 407 267 449 in
282 410 335 448 zonis
351 410 428 458 vestris,
447 414 471 448 10
487 423 525 448 non
537 422 604 456 peram
617 408 638 446 in
645 409 678 447 via
685 422 747 455 neque
756 408 804 447 duas
813 410 890 447 tunicas

127 481 189 513 neque
205 467 332 506 calciamenta
346 480 410 513 neque
425 466 500 514 virgam
515 467 535 505 in
550 465 639 504 manibus
662 466 741 515 vestris,
765 466 835 513 dignus
858 472 889 504 est

127 525 178 563 enim
194 524 294 571 operarius
309 524 398 562 mercede
413 536 454 562 sua.
481 528 503 561 11
522 523 545 562 In
562 535 703 571 quamcumque
711 528 777 561 autem
786 522 887 561 civitatem

127 587 162 619 aut
177 581 277 619 castellum
292 580 417 630 introieritis,
437 581 558 628 interrogate
574 580 618 627 quis
633 579 654 617 in
670 593 693 617 ea
708 579 779 627 dignus
804 585 842 617 est:
866 586 887 617 et

127 638 155 677 ibi
170 644 246 676 manete
262 637 323 676 donec
338 638 413 676 exeatis
429 637 480 678 inde.
499 642 524 676 12
540 637 640 676 Intrantes
649 642 714 674 autem
728 637 748 675 in
757 636 837 675 domum
853 642 890 675 aut
911 659 913 662 -

128 695 227 733 civitatem
243 694 312 733 dicetis
323 694 367 732 Pax
381 695 427 733 huic
443 694 509 733 domui
526 699 549 733 13
567 700 587 733 et
602 694 619 732 si
634 693 772 732 fueritdomus
788 693 822 732 illa
831 693 889 741 digna

127 752 193 790 veniat
208 764 246 799 pas
261 757 327 790 vestra
342 764 401 799 super
413 765 466 802 eamg
482 754 573 790 stantem
584 750 764 799 nonfueritdigna,
776 763 814 797 pax
822 756 890 789 vestra

128 809 201 847 advos
217 814 334 849 revertetur.
360 811 385 846 11
408 808 436 847 Et
451 809 561 856 quicunque
585 821 623 847 non
641 808 752 854 receperint
767 821 803 846 vos
825 820 888 855 neque

128 865 226 904 audierint
241 879 339 904 sermones
354 872 437 914 vestros,
447 872 540 910 exeuntes
548 866 600 905 sores
617 865 640 903 de
656 865 712 903 domo
727 864 758 904 vel
769 865 793 904 de
808 865 890 903 civitate

128 923 215 961 excutite
222 922 322 969 pulverem
338 922 362 960 de
371 922 454 969 pedibus
464 923 537 961 vestris
547 923 568 960 in
578 922 713 960 testimonium
720 922 766 960 illis.
783 927 807 960 15
824 923 888 960 Amen

129 979 171 1017 dico
180 979 241 1028 vobis
254 979 376 1017 tolerabilius
385 980 424 1017 erit
439 980 507 1017 civitat
500 986 515 1017 tr
510 979 651 1018 Sodomorum
660 984 695 1016 aut
703 977 874 1017 Gomorreorum
869 993 889 1017 rn

128 1035 159 1073 die
175 1013 242 1074 iudicii
259 1048 317 1083 quam
332 1036 361 1074 illi
377 1037 445 1075 civitat
447 1036 503 1074 iio
520 1037 572 1074 Eece
588 1035 688 1082 egomitto
704 1048 738 1074 vos
751 1036 803 1074 sieut
813 1049 858 1074 oves
868 1037 888 1074 in

128 1092 191 1131 medic
207 1092 227 1130 lu
214 1103 307 1139 uzporum
324 1098 388 1131 estote
404 1106 448 1139 ergo
464 1093 571 1139 prudentes
586 1093 639 1130 siout
654 1098 761 1139 serpentes,
778 1103 799 1131 11
816 1093 889 1140 simpli·

129 1162 160 1187 ces
183 1150 235 1188 sieut
258 1149 358 1188 columbae.
384 1151 408 1188 11
424 1149 530 1188 Attendite
552 1150 575 1188 ab
597 1149 720 1189 hominibus:
743 1151 823 1189 tradent
837 1151 888 1188 enirn

128 1219 162 1244 vos
184 1208 205 1245 in
224 1206 317 1256 conciliis,
340 1213 360 1244 et
382 1207 401 1244 in
424 1207 521 1254 sinagogis
543 1208 584 1245 suis
606 1206 730 1254 flagellabunt
753 1221 794 1258 vos,
820 1211 844 1246 18
869 1213 891 1246 et

130 1263 181 1309 apud
196 1276 251 1311 reges
266 1269 287 1301 et
301 1264 396 1309 praesides
412 1269 432 1301 et
447 1263 550 1302 adstabitis
564 1269 645 1310 propter
662 1277 699 1314 me,
719 1265 740 1302 in
754 1265 889 1303 testimonium

131 1319 169 1358 illis
185 1327 205 1358 et
220 1320 317 1367 gentibus.
343 1322 367 1358 to
392 1319 441 1359 011111
464 1326 528 1358 autem
552 1320 631 1359 tradent
655 1333 696 1369 ros,
719 1322 780 1360 nolite
803 1322 889 1368 cogitare

131 1377 227 1422 quomodo
242 1383 277 1415 aut
292 1377 339 1424 quid
353 1377 469 1423 loquamini:
494 1377 573 1415 dabitur
598 1378 648 1415 enim
663 1377 718 1416 vobis
741 1379 761 1418 in
784 1378 817 1416 illa
839 1379 888 1417 hora

129 1434 176 1479 quid
191 1433 304 1480 loquamini.
330 1438 355 1472 20
378 1433 423 1473 Non
439 1434 491 1472 enim
507 1435 554 1473 estis
569 1447 604 1473 vos
620 1434 653 1482 qui
663 1434 771 1485 loquimini,
788 1435 823 1474 sed
831 1436 887 1482 spiri-

129 1498 160 1528 tus
175 1491 237 1537 patris
253 1491 314 1529 vestri
330 1491 363 1536 qui
378 1491 466 1537 loquitur
480 1491 501 1529 in
515 1491 577 1530 vobis.
602 1495 626 1529 21
650 1491 724 1530 Tradet
744 1498 809 1531 autern
824 1492 887 1530 frater

128 1547 209 1585 fratrem
224 1549 244 1586 in
259 1553 347 1596 mortem,
365 1554 385 1585 et
399 1553 456 1594 pater
470 1548 537 1597 filium,
554 1556 574 1586 et
589 1556 694 1595 exsurgent·
708 1549 744 1586 filii
759 1550 779 1587 in
794 1554 885 1596 parentes

129 1610 149 1641 et
163 1610 226 1642 morte
249 1617 281 1642 eos
302 1604 394 1644 afficient.
419 1609 445 1641 22
468 1604 496 1642 Et
518 1606 574 1643 111111
597 1605 641 1642 odio
664 1606 753 1645 omnibus
772 1606 885 1644 hominibus

127 1666 208 1707 propter
224 1674 292 1699 nomen
308 1673 381 1700 meum:
398 1661 432 1707 qui
447 1667 513 1699 autem
528 1662 685 1708 perseveraverit
700 1675 762 1708 usque
777 1663 797 1700 in
820 1663 884 1712 finem,

127 1717 159 1755 hie
175 1717 240 1756 salvus
256 1718 299 1756 erit.
324 1722 349 1756 23
369 1716 418 1757 Oum
434 1724 499 1756 auem
520 1724 663 1765 persequentur
684 1731 719 1758 vos
741 1721 762 1758 111
785 1719 885 1758 civitatem

126 1773 185 1811 istam
200 1774 284 1821 fugite
278 1788 299 1812 111
314 1773 377 1812 aliam
404 1775 468 1812 Amen
484 1774 527 1813 dieo
543 1775 604 1814 vobis.
621 1788 659 1813 non
670 1776 853 1815 consummabitis
837 1790 884 1815 ervi

134 1837 177 1867 ates
148 1830 256 1869 tIsrael
272 1830 332 1868 donee
347 1820 414 1869 veniat
428 1831 479 1869 filius
495 1833 585 1869 hominis.
610 1835 636 1870 24
660 1831 706 1870 Non
726 1840 756 1872 est
776 1833 885 1880 discipulus

126 1887 189 1924 maior
204 1899 263 1934 super
277 1887 398 1936 magistrum
423 1900 457 1925 nee
473 1901 540 1926 servus
563 1900 622 1934 super
644 1888 743 1928 dominum
766 1900 831 1928 suum:
856 1895 883 1928 25

128 1943 175 1980 satis
192 1949 223 1981 est
238 1943 333 1989 discipulo
349 1950 372 1981 ut
387 1944 414 1982 sit
428 1944 480 1982 sieut
494 1945 587 1992 magister
603 1945 651 1994 eius,
668 1951 688 1983 et
703 1959 770 1986 servus
786 1947 838 1985 sieut
853 1947 885 1986 do·

127 2000 191 2037 minus
207 2000 256 2037 eius.
286 1999 308 2037 Si
323 2005 399 2046 patrem
422 2000 507 2039 familias
529 2001 640 2040 Beelzebub
662 2008 787 2052 vocaverunt,
811 2010 884 2049 quanto

127 2056 187 2102 magis
204 2056 320 2094 domesticos
336 2057 384 2096 eins.
407 2061 432 2094 26
456 2056 487 2095 Ne
503 2071 548 2105 ergo
564 2058 670 2096 timueritis
690 2072 729 2100 eos.
760 2058 817 2098 Nihil
832 2061 883 2098 enim

128 2118 216 2158 opertum
233 2118 263 2151 est
278 2112 330 2158 quod
345 2126 383 2152 non
398 2113 497 2152 revelatur
512 2121 532 2152 et
547 2114 644 2153 occultum
667 2117 719 2162 quod
741 2130 780 2155 non
802 2117 882 2156 sciatur.

128 2171 153 2206 21
178 2167 235 2214 Quod
251 2168 294 2207 dieo
309 2169 385 2208 vobis
380 2184 400 2208 111
416 2170 508 2219 tenebris
533 2171 614 2210 dicite
609 2186 629 2210 ru
644 2172 729 2225 lumine3
752 2179 773 2211 et
788 2174 867 2221 quod
862 2188 882 2212 iu

127 2238 173 2263 aure
189 2226 267 2274 auditis
291 2226 397 2272 praedicate
413 2240 471 2274 super
494 2234 552 2267 tecta.
576 2232 602 2267 28
623 2229 652 2267 Et
673 2230 734 2269 nolite
757 2231 826 2269 timere
849 2244 882 2269 eos

127 2284 160 2327 qui
176 2283 266 2321 occidunt
281 2295 357 2333 corpus,
374 2284 457 2321 animam
473 2293 537 2322 autem
559 2300 597 2324 non
619 2293 702 2333 possunt
725 2287 821 2326 occidere:
848 2289 883 2326 sed

126 2340 191 2384 potius
207 2353 252 2377 eum
266 2339 334 2377 timete
350 2341 384 2388 qui
398 2346 464 2387 potest
479 2342 562 2381 animam
578 2348 598 2381 et
613 2354 682 2390 corpus
705 2344 787 2391 perdere
809 2344 830 2382 in
852 2358 882 2392 ge-

126 2395 215 2434 hennam.
240 2400 265 2433 29
288 2396 357 2435 Nonne
374 2397 411 2436 duo
427 2410 515 2443 passeres
531 2412 573 2438 asse
589 2402 692 2438 veneunt?
707 2406 727 2438 et
737 2413 787 2438 unus
803 2412 828 2438 ex
842 2400 881 2439 illis

126 2464 164 2490 non
180 2452 234 2492 eadit
253 2459 399 2499 superterram
422 2454 463 2492 sine
485 2455 585 2506 voluntate
608 2456 670 2501 patris
692 2458 760 2496 vestri.
792 2461 817 2496 30
842 2456 881 2496 Sed

126 2515 146 2546 et
161 2509 226 2554 capilli
242 2510 311 2554 capitis
334 2511 385 2548 vet-ri
408 2512 505 2550 numerati
528 2519 574 2550 sunt
596 2525 668 2552 omnes.
693 2518 717 2551 31
744 2513 812 2552 Nolite
836 2528 880 2562 ergo

125 2565 205 2604 timere:
229 2565 291 2604 multo
311 2567 401 2605 meliores
423 2568 470 2606 estis
492 2569 611 2617 passeribus.
637 2574 662 2608 32
686 2568 755 2609 Omnis
778 2584 823 2619 ergo
847 2573 880 2620 qui

126 2622 229 2660 confitetur
243 2636 274 2660 me
297 2636 360 2661 eoram
383 2625 500 2673 hominibus,
524 2625 631 2665 confitebor
653 2632 673 2665 et
693 2640 727 2674 ego
751 2640 795 2667 eum
816 2642 880 2667 coram

124 2684 180 2723 patre
196 2693 238 2717 meo
254 2681 287 2725 qui
302 2680 323 2718 in
338 2681 391 2719 caelis
407 2687 437 2720 est
461 2687 485 2721 33
511 2681 549 2729 Qui
566 2689 631 2722 autem
647 2685 748 2731 negaverit
769 2699 800 2723 me
816 2699 880 2724 eoram

124 2735 242 2786 hominibus,
258 2737 332 2786 negabo
348 2744 369 2776 et
383 2751 417 2786 ego
427 2752 470 2777 111111
486 2753 550 2778 eoram
565 2747 621 2788 patre
637 2742 722 2788 meoqui
737 2747 768 2780 est
783 2743 803 2780 in
819 2742 878 2781 caelis.
