<?xml version="1.0" encoding="UTF-8"?>
<!DOCTYPE html PUBLIC "-//W3C//DTD XHTML 1.0 Transitional//EN"
    "http://www.w3.org/TR/xhtml1/DTD/xhtml1-transitional.dtd">
<html xmlns="http://www.w3.org/1999/xhtml" xml:lang="en" lang="en">
 <head>
  <title>
</title>
<meta http-equiv="Content-Type" content="text/html;charset=utf-8" />
  <meta name='ocr-system' content='tesseract 3.04.00' />
  <meta name='ocr-capabilities' content='ocr_page ocr_carea ocr_par ocr_line ocrx_word'/>
</head>
<body>
  <div class='ocr_page' id='page_1' title='image "MN41417ucmf_6_0038.png"; bbox 0 0 1869 2914; ppageno 0'>
   <div class='ocr_carea' id='block_1_1' title="bbox 124 35 886 80">
    <p class='ocr_par' dir='ltr' id='par_1_1' title="bbox 124 35 886 80">
     <span class='ocr_line' id='line_1_1' title="bbox 124 35 886 80; baseline 0.007 -11"><span class='ocrx_word' id='word_1_1' title='bbox 124 45 152 80; x_wconf 73' lang='lat'>15</span> <span class='ocrx_word' id='word_1_2' title='bbox 465 35 500 71; x_wconf 81' lang='lat' dir='ltr'>Er.</span> <span class='ocrx_word' id='word_1_3' title='bbox 515 46 551 72; x_wconf 87' lang='lat' dir='ltr'>see.</span> <span class='ocrx_word' id='word_1_4' title='bbox 783 37 803 73; x_wconf 81' lang='lat' dir='ltr'>G.</span> <span class='ocrx_word' id='word_1_5' title='bbox 817 38 845 72; x_wconf 81' lang='grc'>12.</span> <span class='ocrx_word' id='word_1_6' title='bbox 859 39 886 74; x_wconf 83' lang='grc'>13,</span> 
     </span>
    </p>
   </div>
   <div class='ocr_carea' id='block_1_2' title="bbox 116 162 913 2718">
    <p class='ocr_par' dir='ltr' id='par_1_2' title="bbox 123 162 913 830">
     <span class='ocr_line' id='line_1_2' title="bbox 125 162 886 212; baseline 0 -9"><span class='ocrx_word' id='word_1_7' title='bbox 125 178 188 203; x_wconf 82' lang='lat' dir='ltr'>meam</span> <span class='ocrx_word' id='word_1_8' title='bbox 203 163 254 202; x_wconf 88' lang='lat' dir='ltr'>unde</span> <span class='ocrx_word' id='word_1_9' title='bbox 270 163 332 202; x_wconf 78' lang='lat' dir='ltr'>exiri:</span> <span class='ocrx_word' id='word_1_10' title='bbox 349 169 370 201; x_wconf 91' lang='grc'>11</span> <span class='ocrx_word' id='word_1_11' title='bbox 384 162 464 203; x_wconf 86' lang='lat' dir='ltr'>veniens</span> <span class='ocrx_word' id='word_1_12' title='bbox 479 162 556 202; x_wconf 79' lang='lat' dir='ltr'>invenit</span> <span class='ocrx_word' id='word_1_13' title='bbox 570 175 613 201; x_wconf 89' lang='lat' dir='ltr'>eam</span> <span class='ocrx_word' id='word_1_14' title='bbox 621 168 723 202; x_wconf 84' lang='lat' dir='ltr'>vacantem</span> <span class='ocrx_word' id='word_1_15' title='bbox 731 168 751 203; x_wconf 89' lang='lat' dir='ltr'>et</span> <span class='ocrx_word' id='word_1_16' title='bbox 759 163 824 212; x_wconf 88' lang='lat' dir='ltr'>scopis</span> <span class='ocrx_word' id='word_1_17' title='bbox 832 176 886 203; x_wconf 87' lang='lat' dir='ltr'>mun-</span> 
     </span>
     <span class='ocr_line' id='line_1_3' title="bbox 123 220 885 269; baseline 0 -10"><span class='ocrx_word' id='word_1_18' title='bbox 123 221 191 259; x_wconf 82' lang='lat' dir='ltr'>datam</span> <span class='ocrx_word' id='word_1_19' title='bbox 207 226 227 259; x_wconf 90' lang='lat' dir='ltr'>et</span> <span class='ocrx_word' id='word_1_20' title='bbox 242 226 339 262; x_wconf 81' lang='lat' dir='ltr'>ornatam:</span> <span class='ocrx_word' id='word_1_21' title='bbox 356 223 382 258; x_wconf 83' lang='lat'>45</span> <span class='ocrx_word' id='word_1_22' title='bbox 399 232 446 259; x_wconf 84' lang='lat' dir='ltr'>tune</span> <span class='ocrx_word' id='word_1_23' title='bbox 460 220 516 259; x_wconf 85' lang='lat' dir='ltr'>radit</span> <span class='ocrx_word' id='word_1_24' title='bbox 532 225 551 257; x_wconf 87' lang='lat' dir='ltr'>et</span> <span class='ocrx_word' id='word_1_25' title='bbox 567 221 649 258; x_wconf 81' lang='lat' dir='ltr'>assumit</span> <span class='ocrx_word' id='word_1_26' title='bbox 664 233 731 259; x_wconf 84' lang='lat' dir='ltr'>secum</span> <span class='ocrx_word' id='word_1_27' title='bbox 746 220 794 260; x_wconf 85' lang='lat' dir='ltr'>alios</span> <span class='ocrx_word' id='word_1_28' title='bbox 810 226 885 269; x_wconf 80' lang='lat' dir='ltr'>septem</span> 
     </span>
     <span class='ocr_line' id='line_1_4' title="bbox 125 277 886 326; baseline 0.001 -11"><span class='ocrx_word' id='word_1_29' title='bbox 125 278 208 324; x_wconf 79' lang='lat' dir='ltr'>sipritus</span> <span class='ocrx_word' id='word_1_30' title='bbox 230 279 334 323; x_wconf 80' lang='lat' dir='ltr'>nequiores</span> <span class='ocrx_word' id='word_1_31' title='bbox 359 290 387 326; x_wconf 77' lang='lat' dir='ltr'>se,</span> <span class='ocrx_word' id='word_1_32' title='bbox 417 284 436 315; x_wconf 89' lang='lat' dir='ltr'>et</span> <span class='ocrx_word' id='word_1_33' title='bbox 459 278 555 315; x_wconf 88' lang='lat' dir='ltr'>intrantes</span> <span class='ocrx_word' id='word_1_34' title='bbox 578 277 670 315; x_wconf 88' lang='lat' dir='ltr'>habitant</span> <span class='ocrx_word' id='word_1_35' title='bbox 691 278 712 315; x_wconf 93' lang='lat' dir='ltr'>in</span> <span class='ocrx_word' id='word_1_36' title='bbox 733 289 769 316; x_wconf 89' lang='lat' dir='ltr'>eo:</span> <span class='ocrx_word' id='word_1_37' title='bbox 796 284 816 315; x_wconf 89' lang='lat' dir='ltr'>et</span> <span class='ocrx_word' id='word_1_38' title='bbox 837 278 886 316; x_wconf 87' lang='lat' dir='ltr'>fiunt</span> 
     </span>
     <span class='ocr_line' id='line_1_5' title="bbox 124 331 885 382; baseline 0.003 -10"><span class='ocrx_word' id='word_1_39' title='bbox 124 335 232 373; x_wconf 86' lang='lat' dir='ltr'>novissima</span> <span class='ocrx_word' id='word_1_40' title='bbox 245 335 330 373; x_wconf 85' lang='lat' dir='ltr'>hominis</span> <span class='ocrx_word' id='word_1_41' title='bbox 345 333 398 372; x_wconf 92' lang='lat' dir='ltr'>illius</span> <span class='ocrx_word' id='word_1_42' title='bbox 414 335 481 380; x_wconf 88' lang='lat' dir='ltr'>peiora</span> <span class='ocrx_word' id='word_1_43' title='bbox 496 331 601 380; x_wconf 80' lang='lat' dir='ltr'>prioribus.</span> <span class='ocrx_word' id='word_1_44' title='bbox 633 333 666 373; x_wconf 80' lang='lat' dir='ltr'>Sic</span> <span class='ocrx_word' id='word_1_45' title='bbox 681 335 720 373; x_wconf 91' lang='lat' dir='ltr'>erit</span> <span class='ocrx_word' id='word_1_46' title='bbox 735 335 885 382; x_wconf 84' lang='lat' dir='ltr'>etgeneracioni</span> 
     </span>
     <span class='ocr_line' id='line_1_6' title="bbox 125 390 886 441; baseline 0 -12"><span class='ocrx_word' id='word_1_47' title='bbox 125 391 172 429; x_wconf 91' lang='lat' dir='ltr'>huie</span> <span class='ocrx_word' id='word_1_48' title='bbox 187 392 285 438; x_wconf 88' lang='lat' dir='ltr'>pessimae.</span> <span class='ocrx_word' id='word_1_49' title='bbox 316 394 342 429; x_wconf 80' lang='lat'>46</span> <span class='ocrx_word' id='word_1_50' title='bbox 359 390 431 429; x_wconf 90' lang='lat' dir='ltr'>Adhue</span> <span class='ocrx_word' id='word_1_51' title='bbox 446 404 468 429; x_wconf 86' lang='lat' dir='ltr'>eo</span> <span class='ocrx_word' id='word_1_52' title='bbox 484 390 576 437; x_wconf 75' lang='lat' dir='ltr'>loquente</span> <span class='ocrx_word' id='word_1_53' title='bbox 591 390 615 429; x_wconf 91' lang='lat' dir='ltr'>ad</span> <span class='ocrx_word' id='word_1_54' title='bbox 630 390 705 441; x_wconf 79' lang='lat' dir='ltr'>turbas,</span> <span class='ocrx_word' id='word_1_55' title='bbox 721 405 766 430; x_wconf 87' lang='lat' dir='ltr'>eece</span> <span class='ocrx_word' id='word_1_56' title='bbox 787 397 851 429; x_wconf 84' lang='lat' dir='ltr'>mater</span> <span class='ocrx_word' id='word_1_57' title='bbox 866 398 886 430; x_wconf 92' lang='lat' dir='ltr'>et</span> 
     </span>
     <span class='ocr_line' id='line_1_7' title="bbox 125 446 884 493; baseline 0 -8"><span class='ocrx_word' id='word_1_58' title='bbox 125 448 197 486; x_wconf 79' lang='lat' dir='ltr'>fratres</span> <span class='ocrx_word' id='word_1_59' title='bbox 206 449 247 486; x_wconf 88' lang='lat' dir='ltr'>eius</span> <span class='ocrx_word' id='word_1_60' title='bbox 263 448 341 487; x_wconf 86' lang='lat' dir='ltr'>stabant</span> <span class='ocrx_word' id='word_1_61' title='bbox 354 447 402 485; x_wconf 85' lang='lat' dir='ltr'>foris</span> <span class='ocrx_word' id='word_1_62' title='bbox 410 452 520 492; x_wconf 85' lang='lat' dir='ltr'>quaerentes</span> <span class='ocrx_word' id='word_1_63' title='bbox 535 446 590 493; x_wconf 93' lang='lat' dir='ltr'>loqui</span> <span class='ocrx_word' id='word_1_64' title='bbox 605 461 648 485; x_wconf 87' lang='lat' dir='ltr'>cum</span> <span class='ocrx_word' id='word_1_65' title='bbox 663 461 692 487; x_wconf 85' lang='lat' dir='ltr'>eo.</span> <span class='ocrx_word' id='word_1_66' title='bbox 709 449 736 486; x_wconf 77' lang='lat'>47</span> <span class='ocrx_word' id='word_1_67' title='bbox 752 448 809 486; x_wconf 75' lang='lat' dir='ltr'>Dixit</span> <span class='ocrx_word' id='word_1_68' title='bbox 819 452 884 486; x_wconf 85' lang='lat' dir='ltr'>autem</span> 
     </span>
     <span class='ocr_line' id='line_1_8' title="bbox 126 504 884 551; baseline 0 -8"><span class='ocrx_word' id='word_1_69' title='bbox 126 505 145 542; x_wconf 88' lang='lat' dir='ltr'>ei</span> <span class='ocrx_word' id='word_1_70' title='bbox 160 505 239 551; x_wconf 86' lang='lat' dir='ltr'>quidam</span> <span class='ocrx_word' id='word_1_71' title='bbox 253 504 305 543; x_wconf 78' lang='lat' dir='ltr'>Ecce</span> <span class='ocrx_word' id='word_1_72' title='bbox 321 509 384 542; x_wconf 86' lang='lat' dir='ltr'>mater</span> <span class='ocrx_word' id='word_1_73' title='bbox 400 509 434 542; x_wconf 89' lang='lat' dir='ltr'>tua</span> <span class='ocrx_word' id='word_1_74' title='bbox 449 510 470 542; x_wconf 90' lang='lat' dir='ltr'>et</span> <span class='ocrx_word' id='word_1_75' title='bbox 484 504 556 541; x_wconf 83' lang='lat' dir='ltr'>fratres</span> <span class='ocrx_word' id='word_1_76' title='bbox 575 505 605 542; x_wconf 89' lang='lat' dir='ltr'>tui</span> <span class='ocrx_word' id='word_1_77' title='bbox 627 504 675 542; x_wconf 85' lang='lat' dir='ltr'>foris</span> <span class='ocrx_word' id='word_1_78' title='bbox 698 509 752 542; x_wconf 84' lang='lat' dir='ltr'>stant</span> <span class='ocrx_word' id='word_1_79' title='bbox 768 505 884 550; x_wconf 66' lang='lat' dir='ltr'>‘quaerentes</span> 
     </span>
     <span class='ocr_line' id='line_1_9' title="bbox 126 558 885 608; baseline 0.003 -10"><span class='ocrx_word' id='word_1_80' title='bbox 126 560 180 608; x_wconf 91' lang='lat' dir='ltr'>loqui</span> <span class='ocrx_word' id='word_1_81' title='bbox 195 568 266 600; x_wconf 87' lang='lat' dir='ltr'>tecum.</span> <span class='ocrx_word' id='word_1_82' title='bbox 289 564 315 600; x_wconf 79' lang='lat'>48</span> <span class='ocrx_word' id='word_1_83' title='bbox 331 561 361 599; x_wconf 88' lang='lat' dir='ltr'>At</span> <span class='ocrx_word' id='word_1_84' title='bbox 375 561 417 607; x_wconf 88' lang='lat' dir='ltr'>ipse</span> <span class='ocrx_word' id='word_1_85' title='bbox 440 560 559 607; x_wconf 82' lang='lat' dir='ltr'>respondens</span> <span class='ocrx_word' id='word_1_86' title='bbox 582 560 655 599; x_wconf 86' lang='lat' dir='ltr'>dicenti</span> <span class='ocrx_word' id='word_1_87' title='bbox 677 559 715 599; x_wconf 89' lang='lat' dir='ltr'>sibi</span> <span class='ocrx_word' id='word_1_88' title='bbox 738 561 767 599; x_wconf 88' lang='lat' dir='ltr'>ait</span> <span class='ocrx_word' id='word_1_89' title='bbox 782 558 831 606; x_wconf 80' lang='lat' dir='ltr'>Quae</span> <span class='ocrx_word' id='word_1_90' title='bbox 854 567 885 600; x_wconf 90' lang='lat' dir='ltr'>est</span> 
     </span>
     <span class='ocr_line' id='line_1_10' title="bbox 126 617 885 670; baseline 0.001 -14"><span class='ocrx_word' id='word_1_91' title='bbox 126 624 189 656; x_wconf 90' lang='lat' dir='ltr'>mater</span> <span class='ocrx_word' id='word_1_92' title='bbox 203 631 253 670; x_wconf 69' lang='lat' dir='ltr'>mea,</span> <span class='ocrx_word' id='word_1_93' title='bbox 268 623 289 656; x_wconf 90' lang='lat' dir='ltr'>et</span> <span class='ocrx_word' id='word_1_94' title='bbox 304 619 375 657; x_wconf 85' lang='lat' dir='ltr'>fratres</span> <span class='ocrx_word' id='word_1_95' title='bbox 390 618 443 656; x_wconf 85' lang='lat' dir='ltr'>mei?</span> <span class='ocrx_word' id='word_1_96' title='bbox 459 622 485 656; x_wconf 77' lang='lat'>49</span> <span class='ocrx_word' id='word_1_97' title='bbox 502 617 529 655; x_wconf 83' lang='lat' dir='ltr'>Et</span> <span class='ocrx_word' id='word_1_98' title='bbox 544 617 650 655; x_wconf 82' lang='lat' dir='ltr'>extendens</span> <span class='ocrx_word' id='word_1_99' title='bbox 661 630 739 655; x_wconf 86' lang='lat' dir='ltr'>manum</span> <span class='ocrx_word' id='word_1_100' title='bbox 755 630 811 656; x_wconf 86' lang='lat' dir='ltr'>suam</span> <span class='ocrx_word' id='word_1_101' title='bbox 826 631 885 664; x_wconf 87' lang='lat' dir='ltr'>super</span> 
     </span>
     <span class='ocr_line' id='line_1_11' title="bbox 126 673 913 722; baseline 0.004 -9"><span class='ocrx_word' id='word_1_102' title='bbox 126 675 232 722; x_wconf 86' lang='lat' dir='ltr'>discipulos</span> <span class='ocrx_word' id='word_1_103' title='bbox 248 688 293 715; x_wconf 88' lang='lat' dir='ltr'>suos</span> <span class='ocrx_word' id='word_1_104' title='bbox 309 674 418 714; x_wconf 77' lang='lat' dir='ltr'>dixitEece</span> <span class='ocrx_word' id='word_1_105' title='bbox 433 681 496 713; x_wconf 87' lang='lat' dir='ltr'>mater</span> <span class='ocrx_word' id='word_1_106' title='bbox 511 687 554 712; x_wconf 87' lang='lat' dir='ltr'>mea</span> <span class='ocrx_word' id='word_1_107' title='bbox 569 679 589 712; x_wconf 91' lang='grc'>11</span> <span class='ocrx_word' id='word_1_108' title='bbox 604 674 675 712; x_wconf 83' lang='lat' dir='ltr'>fratres</span> <span class='ocrx_word' id='word_1_109' title='bbox 688 675 733 714; x_wconf 88' lang='lat' dir='ltr'>mei.</span> <span class='ocrx_word' id='word_1_110' title='bbox 751 678 776 714; x_wconf 86' lang='grc'>50</span> <span class='ocrx_word' id='word_1_111' title='bbox 794 673 885 721; x_wconf 83' lang='lat' dir='ltr'>Quicum·</span> <span class='ocrx_word' id='word_1_112' title='bbox 907 707 913 716; x_wconf 83' lang='lat'><em>.</em></span> 
     </span>
     <span class='ocr_line' id='line_1_12' title="bbox 125 732 882 781; baseline 0.001 -10"><span class='ocrx_word' id='word_1_113' title='bbox 125 745 163 779; x_wconf 85' lang='lat' dir='ltr'>que</span> <span class='ocrx_word' id='word_1_114' title='bbox 179 734 231 772; x_wconf 88' lang='lat' dir='ltr'>enim</span> <span class='ocrx_word' id='word_1_115' title='bbox 246 733 317 772; x_wconf 86' lang='lat' dir='ltr'>fecerit</span> <span class='ocrx_word' id='word_1_116' title='bbox 330 732 451 772; x_wconf 84' lang='lat' dir='ltr'>voluntatem</span> <span class='ocrx_word' id='word_1_117' title='bbox 466 732 528 781; x_wconf 88' lang='lat' dir='ltr'>patris</span> <span class='ocrx_word' id='word_1_118' title='bbox 544 732 582 770; x_wconf 86' lang='lat' dir='ltr'>mei</span> <span class='ocrx_word' id='word_1_119' title='bbox 605 732 639 778; x_wconf 91' lang='lat' dir='ltr'>qui</span> <span class='ocrx_word' id='word_1_120' title='bbox 660 733 681 771; x_wconf 87' lang='lat' dir='ltr'>in</span> <span class='ocrx_word' id='word_1_121' title='bbox 706 732 760 772; x_wconf 89' lang='lat' dir='ltr'>caelis</span> <span class='ocrx_word' id='word_1_122' title='bbox 783 739 819 780; x_wconf 84' lang='lat' dir='ltr'>est,</span> <span class='ocrx_word' id='word_1_123' title='bbox 840 733 882 780; x_wconf 89' lang='lat' dir='ltr'>ipse</span> 
     </span>
     <span class='ocr_line' id='line_1_13' title="bbox 126 791 526 830; baseline -0.005 -1"><span class='ocrx_word' id='word_1_124' title='bbox 126 803 181 829; x_wconf 85' lang='lat' dir='ltr'>meus</span> <span class='ocrx_word' id='word_1_125' title='bbox 196 791 258 829; x_wconf 78' lang='lat' dir='ltr'>frater</span> <span class='ocrx_word' id='word_1_126' title='bbox 273 797 294 830; x_wconf 88' lang='lat' dir='ltr'>et</span> <span class='ocrx_word' id='word_1_127' title='bbox 308 804 363 830; x_wconf 90' lang='lat' dir='ltr'>soror</span> <span class='ocrx_word' id='word_1_128' title='bbox 379 796 399 828; x_wconf 90' lang='lat' dir='ltr'>et</span> <span class='ocrx_word' id='word_1_129' title='bbox 413 796 475 828; x_wconf 89' lang='lat' dir='ltr'>mater</span> <span class='ocrx_word' id='word_1_130' title='bbox 491 794 526 828; x_wconf 87' lang='lat' dir='ltr'>est.</span> 
     </span>
    </p>

    <p class='ocr_par' dir='ltr' id='par_1_3' title="bbox 116 845 883 2718">
     <span class='ocr_line' id='line_1_14' title="bbox 184 845 882 891; baseline -0.003 -2"><span class='ocrx_word' id='word_1_131' title='bbox 184 845 238 891; x_wconf 84' lang='lat' dir='ltr'>Xlll.</span> <span class='ocrx_word' id='word_1_132' title='bbox 257 852 266 886; x_wconf 91' lang='grc'>1</span> <span class='ocrx_word' id='word_1_133' title='bbox 282 848 307 887; x_wconf 88' lang='lat' dir='ltr'>In</span> <span class='ocrx_word' id='word_1_134' title='bbox 322 848 355 886; x_wconf 88' lang='lat' dir='ltr'>illo</span> <span class='ocrx_word' id='word_1_135' title='bbox 372 847 403 885; x_wconf 91' lang='lat' dir='ltr'>die</span> <span class='ocrx_word' id='word_1_136' title='bbox 419 848 484 886; x_wconf 83' lang='lat' dir='ltr'>exiens</span> <span class='ocrx_word' id='word_1_137' title='bbox 498 846 555 885; x_wconf 87' lang='lat' dir='ltr'>Iesus</span> <span class='ocrx_word' id='word_1_138' title='bbox 571 845 658 884; x_wconf 89' lang='lat' dir='ltr'>dedomo</span> <span class='ocrx_word' id='word_1_139' title='bbox 668 845 882 888; x_wconf 84' lang='lat' dir='ltr'>sedebatseeusmare.</span> 
     </span>
     <span class='ocr_line' id='line_1_15' title="bbox 128 902 883 953; baseline 0.001 -11"><span class='ocrx_word' id='word_1_140' title='bbox 128 909 140 942; x_wconf 81' lang='lat'><strong>2</strong></span> <span class='ocrx_word' id='word_1_141' title='bbox 156 904 183 943; x_wconf 79' lang='lat' dir='ltr'>Et</span> <span class='ocrx_word' id='word_1_142' title='bbox 199 911 319 953; x_wconf 70' lang='lat' dir='ltr'>congregatae</span> <span class='ocrx_word' id='word_1_143' title='bbox 335 911 381 943; x_wconf 88' lang='lat' dir='ltr'>sunt</span> <span class='ocrx_word' id='word_1_144' title='bbox 396 904 421 942; x_wconf 91' lang='lat' dir='ltr'>ad</span> <span class='ocrx_word' id='word_1_145' title='bbox 436 918 480 942; x_wconf 85' lang='lat' dir='ltr'>eum</span> <span class='ocrx_word' id='word_1_146' title='bbox 491 902 554 942; x_wconf 88' lang='lat' dir='ltr'>turbae</span> <span class='ocrx_word' id='word_1_147' title='bbox 569 902 642 953; x_wconf 78' lang='lat' dir='ltr'>multae,</span> <span class='ocrx_word' id='word_1_148' title='bbox 658 902 687 941; x_wconf 90' lang='lat' dir='ltr'>ita</span> <span class='ocrx_word' id='word_1_149' title='bbox 701 910 725 942; x_wconf 91' lang='lat' dir='ltr'>ut</span> <span class='ocrx_word' id='word_1_150' title='bbox 739 905 759 942; x_wconf 93' lang='lat' dir='ltr'>in</span> <span class='ocrx_word' id='word_1_151' title='bbox 774 903 883 943; x_wconf 84' lang='lat' dir='ltr'>naviculam</span> 
     </span>
     <span class='ocr_line' id='line_1_16' title="bbox 125 959 883 1014; baseline 0 -15"><span class='ocrx_word' id='word_1_152' title='bbox 125 962 241 1000; x_wconf 80' lang='lat' dir='ltr'>ascenderet</span> <span class='ocrx_word' id='word_1_153' title='bbox 256 969 277 1000; x_wconf 86' lang='lat' dir='ltr'>et</span> <span class='ocrx_word' id='word_1_154' title='bbox 291 962 374 1011; x_wconf 69' lang='lat' dir='ltr'>sederet,</span> <span class='ocrx_word' id='word_1_155' title='bbox 391 967 411 998; x_wconf 91' lang='grc'>11</span> <span class='ocrx_word' id='word_1_156' title='bbox 431 974 496 999; x_wconf 84' lang='lat' dir='ltr'>omnes</span> <span class='ocrx_word' id='word_1_157' title='bbox 512 960 577 999; x_wconf 86' lang='lat' dir='ltr'>turbae</span> <span class='ocrx_word' id='word_1_158' title='bbox 593 959 672 999; x_wconf 84' lang='lat' dir='ltr'>stabant</span> <span class='ocrx_word' id='word_1_159' title='bbox 689 960 715 1014; x_wconf 88' lang='lat' dir='ltr'>in</span> <span class='ocrx_word' id='word_1_160' title='bbox 735 961 799 999; x_wconf 85' lang='lat' dir='ltr'>litore.</span> <span class='ocrx_word' id='word_1_161' title='bbox 821 966 831 999; x_wconf 81' lang='lat'>3</span> <span class='ocrx_word' id='word_1_162' title='bbox 855 961 883 999; x_wconf 79' lang='lat' dir='ltr'>Et</span> 
     </span>
     <span class='ocr_line' id='line_1_17' title="bbox 126 1015 882 1066; baseline 0.001 -11"><span class='ocrx_word' id='word_1_163' title='bbox 126 1018 203 1056; x_wconf 84' lang='lat' dir='ltr'>loeutus</span> <span class='ocrx_word' id='word_1_164' title='bbox 219 1025 249 1056; x_wconf 89' lang='lat' dir='ltr'>est</span> <span class='ocrx_word' id='word_1_165' title='bbox 264 1019 288 1057; x_wconf 89' lang='lat' dir='ltr'>ad</span> <span class='ocrx_word' id='word_1_166' title='bbox 297 1032 329 1057; x_wconf 92' lang='lat' dir='ltr'>eos</span> <span class='ocrx_word' id='word_1_167' title='bbox 344 1017 406 1056; x_wconf 87' lang='lat' dir='ltr'>multa</span> <span class='ocrx_word' id='word_1_168' title='bbox 421 1017 441 1055; x_wconf 92' lang='lat' dir='ltr'>in</span> <span class='ocrx_word' id='word_1_169' title='bbox 455 1017 561 1066; x_wconf 64' lang='lat' dir='ltr'>parabolis,</span> <span class='ocrx_word' id='word_1_170' title='bbox 578 1017 644 1055; x_wconf 88' lang='lat' dir='ltr'>dicens</span> <span class='ocrx_word' id='word_1_171' title='bbox 653 1015 704 1054; x_wconf 80' lang='lat' dir='ltr'>Eece</span> <span class='ocrx_word' id='word_1_172' title='bbox 720 1017 769 1055; x_wconf 86' lang='lat' dir='ltr'>exiit</span> <span class='ocrx_word' id='word_1_173' title='bbox 784 1018 882 1056; x_wconf 88' lang='lat' dir='ltr'>seminans</span> 
     </span>
     <span class='ocr_line' id='line_1_18' title="bbox 126 1073 883 1124; baseline 0.001 -12"><span class='ocrx_word' id='word_1_174' title='bbox 126 1075 228 1115; x_wconf 87' lang='lat' dir='ltr'>seminare.</span> <span class='ocrx_word' id='word_1_175' title='bbox 249 1077 261 1112; x_wconf 88' lang='lat'>4</span> <span class='ocrx_word' id='word_1_176' title='bbox 276 1074 304 1113; x_wconf 84' lang='lat' dir='ltr'>Et</span> <span class='ocrx_word' id='word_1_177' title='bbox 319 1088 363 1113; x_wconf 88' lang='lat' dir='ltr'>eum</span> <span class='ocrx_word' id='word_1_178' title='bbox 378 1074 467 1121; x_wconf 71' lang='lat' dir='ltr'>seminat,</span> <span class='ocrx_word' id='word_1_179' title='bbox 484 1073 572 1120; x_wconf 76' lang='lat' dir='ltr'>quaedam</span> <span class='ocrx_word' id='word_1_180' title='bbox 589 1073 702 1112; x_wconf 88' lang='lat' dir='ltr'>ceciderunt</span> <span class='ocrx_word' id='word_1_181' title='bbox 717 1075 846 1124; x_wconf 77' lang='grc'>1111111111,</span> <span class='ocrx_word' id='word_1_182' title='bbox 863 1080 883 1113; x_wconf 87' lang='lat' dir='ltr'>et</span> 
     </span>
     <span class='ocr_line' id='line_1_19' title="bbox 125 1128 883 1176; baseline 0.001 -7"><span class='ocrx_word' id='word_1_183' title='bbox 125 1138 221 1170; x_wconf 85' lang='lat' dir='ltr'>venerunt</span> <span class='ocrx_word' id='word_1_184' title='bbox 230 1131 318 1170; x_wconf 80' lang='lat' dir='ltr'>volueres</span> <span class='ocrx_word' id='word_1_185' title='bbox 334 1137 354 1170; x_wconf 90' lang='lat' dir='ltr'>et</span> <span class='ocrx_word' id='word_1_186' title='bbox 369 1131 496 1170; x_wconf 90' lang='lat' dir='ltr'>comederunt</span> <span class='ocrx_word' id='word_1_187' title='bbox 511 1144 539 1170; x_wconf 87' lang='lat' dir='ltr'>ea.</span> <span class='ocrx_word' id='word_1_188' title='bbox 557 1135 567 1168; x_wconf 84' lang='lat'><strong><em>5</em></strong></span> <span class='ocrx_word' id='word_1_189' title='bbox 585 1128 681 1176; x_wconf 85' lang='lat' dir='ltr'>Quaedam</span> <span class='ocrx_word' id='word_1_190' title='bbox 696 1137 760 1169; x_wconf 90' lang='lat' dir='ltr'>autem</span> <span class='ocrx_word' id='word_1_191' title='bbox 770 1131 883 1170; x_wconf 87' lang='lat' dir='ltr'>oeciderunt</span> 
     </span>
     <span class='ocr_line' id='line_1_20' title="bbox 124 1187 882 1238; baseline 0.003 -13"><span class='ocrx_word' id='word_1_192' title='bbox 124 1188 145 1226; x_wconf 90' lang='lat' dir='ltr'>in</span> <span class='ocrx_word' id='word_1_193' title='bbox 161 1194 245 1238; x_wconf 71' lang='lat' dir='ltr'>petrosa,</span> <span class='ocrx_word' id='word_1_194' title='bbox 259 1188 293 1227; x_wconf 91' lang='lat' dir='ltr'>ubi</span> <span class='ocrx_word' id='word_1_195' title='bbox 308 1202 346 1227; x_wconf 92' lang='lat' dir='ltr'>non</span> <span class='ocrx_word' id='word_1_196' title='bbox 361 1187 460 1227; x_wconf 89' lang='lat' dir='ltr'>habebant</span> <span class='ocrx_word' id='word_1_197' title='bbox 474 1194 547 1226; x_wconf 87' lang='lat' dir='ltr'>terram</span> <span class='ocrx_word' id='word_1_198' title='bbox 562 1187 654 1237; x_wconf 79' lang='lat' dir='ltr'>multam3</span> <span class='ocrx_word' id='word_1_199' title='bbox 672 1192 692 1225; x_wconf 90' lang='lat' dir='ltr'>et</span> <span class='ocrx_word' id='word_1_200' title='bbox 707 1188 799 1227; x_wconf 87' lang='lat' dir='ltr'>continuo</span> <span class='ocrx_word' id='word_1_201' title='bbox 814 1194 882 1227; x_wconf 74' lang='lat' dir='ltr'>exorta</span> 
     </span>
     <span class='ocr_line' id='line_1_21' title="bbox 126 1244 882 1295; baseline 0.003 -13"><span class='ocrx_word' id='word_1_202' title='bbox 126 1251 177 1295; x_wconf 74' lang='lat' dir='ltr'>sunt,</span> <span class='ocrx_word' id='word_1_203' title='bbox 199 1246 245 1292; x_wconf 86' lang='lat' dir='ltr'>quia</span> <span class='ocrx_word' id='word_1_204' title='bbox 267 1256 307 1285; x_wconf 87' lang='lat' dir='ltr'>non·</span> <span class='ocrx_word' id='word_1_205' title='bbox 324 1245 423 1285; x_wconf 84' lang='lat' dir='ltr'>habebant</span> <span class='ocrx_word' id='word_1_206' title='bbox 445 1244 593 1283; x_wconf 81' lang='lat' dir='ltr'>multitudinem</span> <span class='ocrx_word' id='word_1_207' title='bbox 615 1250 685 1282; x_wconf 88' lang='lat' dir='ltr'>terrae:</span> <span class='ocrx_word' id='word_1_208' title='bbox 717 1249 727 1283; x_wconf 84' lang='grc'><strong>6</strong></span> <span class='ocrx_word' id='word_1_209' title='bbox 751 1245 791 1283; x_wconf 89' lang='lat' dir='ltr'>sole</span> <span class='ocrx_word' id='word_1_210' title='bbox 816 1251 882 1285; x_wconf 84' lang='lat' dir='ltr'>autem</span> 
     </span>
     <span class='ocr_line' id='line_1_22' title="bbox 125 1301 882 1355; baseline 0.001 -15"><span class='ocrx_word' id='word_1_211' title='bbox 125 1308 168 1341; x_wconf 88' lang='lat' dir='ltr'>orto</span> <span class='ocrx_word' id='word_1_212' title='bbox 184 1309 323 1355; x_wconf 79' lang='lat' dir='ltr'>aestuaverunt,</span> <span class='ocrx_word' id='word_1_213' title='bbox 340 1303 386 1349; x_wconf 86' lang='lat' dir='ltr'>quia</span> <span class='ocrx_word' id='word_1_214' title='bbox 400 1315 438 1340; x_wconf 90' lang='lat' dir='ltr'>non</span> <span class='ocrx_word' id='word_1_215' title='bbox 454 1301 552 1341; x_wconf 84' lang='lat' dir='ltr'>habebant</span> <span class='ocrx_word' id='word_1_216' title='bbox 566 1301 652 1339; x_wconf 86' lang='lat' dir='ltr'>radicem</span> <span class='ocrx_word' id='word_1_217' title='bbox 675 1308 774 1341; x_wconf 86' lang='lat' dir='ltr'>aruerunt.</span> <span class='ocrx_word' id='word_1_218' title='bbox 802 1302 813 1340; x_wconf 77' lang='lat'><strong>7</strong></span> <span class='ocrx_word' id='word_1_219' title='bbox 835 1302 882 1341; x_wconf 86' lang='lat' dir='ltr'>Alia</span> 
     </span>
     <span class='ocr_line' id='line_1_23' title="bbox 124 1358 881 1409; baseline 0.001 -12"><span class='ocrx_word' id='word_1_220' title='bbox 124 1365 190 1398; x_wconf 87' lang='lat' dir='ltr'>autem</span> <span class='ocrx_word' id='word_1_221' title='bbox 206 1360 318 1399; x_wconf 88' lang='lat' dir='ltr'>ceciderunt</span> <span class='ocrx_word' id='word_1_222' title='bbox 332 1360 353 1398; x_wconf 89' lang='lat' dir='ltr'>in</span> <span class='ocrx_word' id='word_1_223' title='bbox 368 1359 436 1409; x_wconf 73' lang='lat' dir='ltr'>spinis,</span> <span class='ocrx_word' id='word_1_224' title='bbox 453 1365 473 1398; x_wconf 91' lang='lat' dir='ltr'>et</span> <span class='ocrx_word' id='word_1_225' title='bbox 488 1365 593 1397; x_wconf 80' lang='lat' dir='ltr'>creverunt</span> <span class='ocrx_word' id='word_1_226' title='bbox 610 1358 672 1404; x_wconf 79' lang='lat' dir='ltr'>spinae</span> <span class='ocrx_word' id='word_1_227' title='bbox 694 1363 715 1396; x_wconf 91' lang='lat' dir='ltr'>et</span> <span class='ocrx_word' id='word_1_228' title='bbox 737 1359 881 1398; x_wconf 86' lang='lat' dir='ltr'>suffocaverunt</span> 
     </span>
     <span class='ocr_line' id='line_1_24' title="bbox 125 1415 879 1464; baseline 0.001 -10"><span class='ocrx_word' id='word_1_229' title='bbox 125 1429 153 1456; x_wconf 85' lang='lat' dir='ltr'>ea.</span> <span class='ocrx_word' id='word_1_230' title='bbox 177 1421 187 1455; x_wconf 81' lang='lat' dir='ltr'>S</span> <span class='ocrx_word' id='word_1_231' title='bbox 203 1417 249 1455; x_wconf 84' lang='lat' dir='ltr'>Alia</span> <span class='ocrx_word' id='word_1_232' title='bbox 264 1431 310 1456; x_wconf 89' lang='lat' dir='ltr'>vero</span> <span class='ocrx_word' id='word_1_233' title='bbox 326 1417 440 1457; x_wconf 89' lang='lat' dir='ltr'>ceciderunt</span> <span class='ocrx_word' id='word_1_234' title='bbox 454 1417 474 1454; x_wconf 92' lang='lat' dir='ltr'>in</span> <span class='ocrx_word' id='word_1_235' title='bbox 489 1422 563 1454; x_wconf 85' lang='lat' dir='ltr'>terram</span> <span class='ocrx_word' id='word_1_236' title='bbox 577 1416 648 1455; x_wconf 88' lang='lat' dir='ltr'>bonam</span> <span class='ocrx_word' id='word_1_237' title='bbox 664 1421 684 1453; x_wconf 88' lang='lat' dir='ltr'>et</span> <span class='ocrx_word' id='word_1_238' title='bbox 699 1415 772 1455; x_wconf 82' lang='lat' dir='ltr'>dabant</span> <span class='ocrx_word' id='word_1_239' title='bbox 786 1416 879 1464; x_wconf 80' lang='lat' dir='ltr'>fructum,</span> 
     </span>
     <span class='ocr_line' id='line_1_25' title="bbox 123 1471 880 1524; baseline 0.004 -14"><span class='ocrx_word' id='word_1_240' title='bbox 123 1472 179 1511; x_wconf 88' lang='lat' dir='ltr'>aliud</span> <span class='ocrx_word' id='word_1_241' title='bbox 194 1474 326 1524; x_wconf 64' lang='lat' dir='ltr'>centesimum,</span> <span class='ocrx_word' id='word_1_242' title='bbox 343 1473 397 1512; x_wconf 88' lang='lat' dir='ltr'>aliud</span> <span class='ocrx_word' id='word_1_243' title='bbox 412 1474 560 1521; x_wconf 75' lang='lat' dir='ltr'>sexagesimum,</span> <span class='ocrx_word' id='word_1_244' title='bbox 574 1472 627 1511; x_wconf 87' lang='lat' dir='ltr'>aliud</span> <span class='ocrx_word' id='word_1_245' title='bbox 642 1473 779 1513; x_wconf 86' lang='lat' dir='ltr'>tricessimum.</span> <span class='ocrx_word' id='word_1_246' title='bbox 805 1478 815 1512; x_wconf 79' lang='lat'><strong>9</strong></span> <span class='ocrx_word' id='word_1_247' title='bbox 841 1471 880 1519; x_wconf 78' lang='lat' dir='ltr'>Qui</span> 
     </span>
     <span class='ocr_line' id='line_1_26' title="bbox 124 1529 879 1581; baseline 0.005 -15"><span class='ocrx_word' id='word_1_248' title='bbox 124 1529 184 1569; x_wconf 88' lang='lat' dir='ltr'>habet</span> <span class='ocrx_word' id='word_1_249' title='bbox 199 1544 254 1569; x_wconf 82' lang='lat' dir='ltr'>aures</span> <span class='ocrx_word' id='word_1_250' title='bbox 270 1532 369 1581; x_wconf 65' lang='lat' dir='ltr'>audiendi,</span> <span class='ocrx_word' id='word_1_251' title='bbox 390 1530 463 1569; x_wconf 86' lang='lat' dir='ltr'>audiat.</span> <span class='ocrx_word' id='word_1_252' title='bbox 489 1534 514 1568; x_wconf 88' lang='grc'>10</span> <span class='ocrx_word' id='word_1_253' title='bbox 537 1530 566 1568; x_wconf 79' lang='lat' dir='ltr'>Et</span> <span class='ocrx_word' id='word_1_254' title='bbox 588 1529 702 1568; x_wconf 86' lang='lat' dir='ltr'>accedentes</span> <span class='ocrx_word' id='word_1_255' title='bbox 723 1530 815 1577; x_wconf 88' lang='lat' dir='ltr'>discipuli</span> <span class='ocrx_word' id='word_1_256' title='bbox 837 1531 879 1570; x_wconf 90' lang='lat' dir='ltr'>eius</span> 
     </span>
     <span class='ocr_line' id='line_1_27' title="bbox 123 1586 878 1635; baseline 0.004 -11"><span class='ocrx_word' id='word_1_257' title='bbox 123 1586 215 1625; x_wconf 78' lang='lat' dir='ltr'>dixerunt</span> <span class='ocrx_word' id='word_1_258' title='bbox 230 1588 248 1626; x_wconf 90' lang='grc'>11</span> <span class='ocrx_word' id='word_1_259' title='bbox 264 1586 328 1633; x_wconf 82' lang='lat' dir='ltr'>Quare</span> <span class='ocrx_word' id='word_1_260' title='bbox 350 1590 370 1627; x_wconf 90' lang='lat' dir='ltr'>in</span> <span class='ocrx_word' id='word_1_261' title='bbox 392 1587 490 1635; x_wconf 82' lang='lat' dir='ltr'>parabolis</span> <span class='ocrx_word' id='word_1_262' title='bbox 512 1587 598 1633; x_wconf 90' lang='lat' dir='ltr'>loqueris</span> <span class='ocrx_word' id='word_1_263' title='bbox 621 1586 645 1624; x_wconf 90' lang='lat' dir='ltr'>ad</span> <span class='ocrx_word' id='word_1_264' title='bbox 666 1588 712 1625; x_wconf 81' lang='lat' dir='ltr'>eos?</span> <span class='ocrx_word' id='word_1_265' title='bbox 736 1592 760 1625; x_wconf 90' lang='grc'>11</span> <span class='ocrx_word' id='word_1_266' title='bbox 783 1587 813 1626; x_wconf 84' lang='lat' dir='ltr'>At</span> <span class='ocrx_word' id='word_1_267' title='bbox 836 1588 878 1634; x_wconf 90' lang='lat' dir='ltr'>ipse</span> 
     </span>
     <span class='ocr_line' id='line_1_28' title="bbox 124 1644 878 1691; baseline 0.005 -11"><span class='ocrx_word' id='word_1_268' title='bbox 124 1645 242 1691; x_wconf 85' lang='lat' dir='ltr'>respondens</span> <span class='ocrx_word' id='word_1_269' title='bbox 258 1646 287 1682; x_wconf 91' lang='lat' dir='ltr'>ait</span> <span class='ocrx_word' id='word_1_270' title='bbox 301 1646 340 1684; x_wconf 87' lang='lat' dir='ltr'>illis</span> <span class='ocrx_word' id='word_1_271' title='bbox 356 1644 407 1691; x_wconf 81' lang='lat' dir='ltr'>Quia</span> <span class='ocrx_word' id='word_1_272' title='bbox 421 1645 477 1684; x_wconf 85' lang='lat' dir='ltr'>robis</span> <span class='ocrx_word' id='word_1_273' title='bbox 493 1644 560 1682; x_wconf 86' lang='lat' dir='ltr'>datum</span> <span class='ocrx_word' id='word_1_274' title='bbox 576 1650 606 1682; x_wconf 89' lang='lat' dir='ltr'>est</span> <span class='ocrx_word' id='word_1_275' title='bbox 621 1654 678 1682; x_wconf 80' lang='lat' dir='ltr'>nosse</span> <span class='ocrx_word' id='word_1_276' title='bbox 693 1644 878 1691; x_wconf 77' lang='lat' dir='ltr'>mysterium&#39;regni</span> 
     </span>
     <span class='ocr_line' id='line_1_29' title="bbox 124 1698 877 1750; baseline 0.003 -12"><span class='ocrx_word' id='word_1_277' title='bbox 124 1701 222 1740; x_wconf 86' lang='lat' dir='ltr'>caelorum.</span> <span class='ocrx_word' id='word_1_278' title='bbox 237 1701 276 1740; x_wconf 90' lang='lat' dir='ltr'>illis</span> <span class='ocrx_word' id='word_1_279' title='bbox 292 1708 357 1741; x_wconf 86' lang='lat' dir='ltr'>autem</span> <span class='ocrx_word' id='word_1_280' title='bbox 372 1715 410 1741; x_wconf 91' lang='lat' dir='ltr'>non</span> <span class='ocrx_word' id='word_1_281' title='bbox 426 1702 538 1741; x_wconf 85' lang='lat' dir='ltr'>estdatum.</span> <span class='ocrx_word' id='word_1_282' title='bbox 560 1705 585 1739; x_wconf 81' lang='grc'>12</span> <span class='ocrx_word' id='word_1_283' title='bbox 602 1698 640 1746; x_wconf 83' lang='lat' dir='ltr'>Qui</span> <span class='ocrx_word' id='word_1_284' title='bbox 657 1701 707 1738; x_wconf 89' lang='lat' dir='ltr'>enim</span> <span class='ocrx_word' id='word_1_285' title='bbox 716 1701 781 1750; x_wconf 87' lang='lat' dir='ltr'>habet,</span> <span class='ocrx_word' id='word_1_286' title='bbox 798 1701 877 1741; x_wconf 89' lang='lat' dir='ltr'>dabitur</span> 
     </span>
     <span class='ocr_line' id='line_1_30' title="bbox 123 1757 878 1812; baseline 0.005 -18"><span class='ocrx_word' id='word_1_287' title='bbox 123 1757 141 1794; x_wconf 91' lang='lat' dir='ltr'>ei</span> <span class='ocrx_word' id='word_1_288' title='bbox 157 1765 177 1796; x_wconf 89' lang='lat' dir='ltr'>ct</span> <span class='ocrx_word' id='word_1_289' title='bbox 191 1758 308 1812; x_wconf 74' lang='lat' dir='ltr'>abundabit3</span> <span class='ocrx_word' id='word_1_290' title='bbox 324 1761 357 1806; x_wconf 90' lang='lat' dir='ltr'>qui</span> <span class='ocrx_word' id='word_1_291' title='bbox 372 1764 437 1797; x_wconf 84' lang='lat' dir='ltr'>autem</span> <span class='ocrx_word' id='word_1_292' title='bbox 453 1772 491 1797; x_wconf 91' lang='lat' dir='ltr'>non</span> <span class='ocrx_word' id='word_1_293' title='bbox 507 1758 572 1805; x_wconf 81' lang='lat' dir='ltr'>habet,</span> <span class='ocrx_word' id='word_1_294' title='bbox 589 1764 610 1796; x_wconf 86' lang='lat' dir='ltr'>et</span> <span class='ocrx_word' id='word_1_295' title='bbox 618 1757 669 1803; x_wconf 86' lang='lat' dir='ltr'>quod</span> <span class='ocrx_word' id='word_1_296' title='bbox 677 1757 737 1796; x_wconf 91' lang='lat' dir='ltr'>habet</span> <span class='ocrx_word' id='word_1_297' title='bbox 745 1758 846 1796; x_wconf 85' lang='lat' dir='ltr'>auferetur</span> <span class='ocrx_word' id='word_1_298' title='bbox 855 1759 878 1798; x_wconf 90' lang='lat' dir='ltr'>ab</span> 
     </span>
     <span class='ocr_line' id='line_1_31' title="bbox 124 1814 878 1865; baseline 0.004 -14"><span class='ocrx_word' id='word_1_299' title='bbox 124 1826 152 1854; x_wconf 87' lang='lat' dir='ltr'>eo.</span> <span class='ocrx_word' id='word_1_300' title='bbox 171 1819 194 1853; x_wconf 84' lang='lat'>13</span> <span class='ocrx_word' id='word_1_301' title='bbox 211 1816 258 1854; x_wconf 84' lang='lat' dir='ltr'>ldeo</span> <span class='ocrx_word' id='word_1_302' title='bbox 274 1816 294 1855; x_wconf 92' lang='lat' dir='ltr'>in</span> <span class='ocrx_word' id='word_1_303' title='bbox 302 1817 401 1864; x_wconf 86' lang='lat' dir='ltr'>parabolis</span> <span class='ocrx_word' id='word_1_304' title='bbox 417 1816 492 1865; x_wconf 74' lang='lat' dir='ltr'>loquor,</span> <span class='ocrx_word' id='word_1_305' title='bbox 502 1822 525 1853; x_wconf 87' lang='lat' dir='ltr'>ut</span> <span class='ocrx_word' id='word_1_306' title='bbox 540 1814 629 1853; x_wconf 89' lang='lat' dir='ltr'>videntes</span> <span class='ocrx_word' id='word_1_307' title='bbox 638 1827 676 1852; x_wconf 90' lang='lat' dir='ltr'>neu</span> <span class='ocrx_word' id='word_1_308' title='bbox 685 1814 764 1854; x_wconf 87' lang='lat' dir='ltr'>videant</span> <span class='ocrx_word' id='word_1_309' title='bbox 772 1821 792 1854; x_wconf 90' lang='grc'>11</span> <span class='ocrx_word' id='word_1_310' title='bbox 800 1815 878 1855; x_wconf 86' lang='lat' dir='ltr'>audien-</span> 
     </span>
     <span class='ocr_line' id='line_1_32' title="bbox 123 1871 878 1923; baseline 0.005 -16"><span class='ocrx_word' id='word_1_311' title='bbox 123 1876 153 1908; x_wconf 84' lang='lat' dir='ltr'>tes</span> <span class='ocrx_word' id='word_1_312' title='bbox 169 1885 207 1910; x_wconf 95' lang='lat' dir='ltr'>non</span> <span class='ocrx_word' id='word_1_313' title='bbox 222 1872 302 1911; x_wconf 85' lang='lat' dir='ltr'>audiant</span> <span class='ocrx_word' id='word_1_314' title='bbox 312 1880 333 1912; x_wconf 89' lang='lat' dir='ltr'>et</span> <span class='ocrx_word' id='word_1_315' title='bbox 344 1887 382 1912; x_wconf 91' lang='lat' dir='ltr'>non</span> <span class='ocrx_word' id='word_1_316' title='bbox 393 1873 508 1920; x_wconf 81' lang='lat' dir='ltr'>intellegant</span> <span class='ocrx_word' id='word_1_317' title='bbox 521 1885 545 1910; x_wconf 89' lang='lat' dir='ltr'>ne</span> <span class='ocrx_word' id='word_1_318' title='bbox 557 1871 634 1917; x_wconf 91' lang='lat' dir='ltr'>quando</span> <span class='ocrx_word' id='word_1_319' title='bbox 646 1877 797 1923; x_wconf 73' lang='lat' dir='ltr'>convertantur3</span> <span class='ocrx_word' id='word_1_320' title='bbox 818 1875 843 1909; x_wconf 86' lang='lat'>14</span> <span class='ocrx_word' id='word_1_321' title='bbox 858 1879 878 1911; x_wconf 92' lang='lat' dir='ltr'>et</span> 
     </span>
     <span class='ocr_line' id='line_1_33' title="bbox 123 1927 877 1977; baseline 0.005 -13"><span class='ocrx_word' id='word_1_322' title='bbox 123 1932 169 1966; x_wconf 91' lang='lat' dir='ltr'>tunc</span> <span class='ocrx_word' id='word_1_323' title='bbox 185 1928 313 1975; x_wconf 76' lang='lat' dir='ltr'>complebitur</span> <span class='ocrx_word' id='word_1_324' title='bbox 334 1930 440 1977; x_wconf 75' lang='lat' dir='ltr'>prophecia</span> <span class='ocrx_word' id='word_1_325' title='bbox 454 1929 522 1968; x_wconf 80' lang='lat' dir='ltr'>Ysaiae</span> <span class='ocrx_word' id='word_1_326' title='bbox 537 1928 621 1967; x_wconf 85' lang='lat' dir='ltr'>dicentis</span> <span class='ocrx_word' id='word_1_327' title='bbox 640 1927 697 1966; x_wconf 82' lang='lat' dir='ltr'>Vade</span> <span class='ocrx_word' id='word_1_328' title='bbox 718 1934 738 1967; x_wconf 86' lang='lat' dir='ltr'>et</span> <span class='ocrx_word' id='word_1_329' title='bbox 753 1929 784 1967; x_wconf 89' lang='lat' dir='ltr'>dic</span> <span class='ocrx_word' id='word_1_330' title='bbox 806 1930 877 1976; x_wconf 89' lang='lat' dir='ltr'>populo</span> 
     </span>
     <span class='ocr_line' id='line_1_34' title="bbox 122 1983 876 2037; baseline 0.005 -16"><span class='ocrx_word' id='word_1_331' title='bbox 122 1983 170 2022; x_wconf 88' lang='lat' dir='ltr'>huie</span> <span class='ocrx_word' id='word_1_332' title='bbox 184 1985 261 2023; x_wconf 89' lang='lat' dir='ltr'>Auditu</span> <span class='ocrx_word' id='word_1_333' title='bbox 277 1988 366 2037; x_wconf 75' lang='lat' dir='ltr'>audietis,</span> <span class='ocrx_word' id='word_1_334' title='bbox 389 1993 409 2025; x_wconf 93' lang='grc'>11</span> <span class='ocrx_word' id='word_1_335' title='bbox 424 2000 462 2025; x_wconf 89' lang='lat' dir='ltr'>non</span> <span class='ocrx_word' id='word_1_336' title='bbox 477 1986 605 2036; x_wconf 72' lang='lat' dir='ltr'>intelligetis3</span> <span class='ocrx_word' id='word_1_337' title='bbox 629 1991 649 2023; x_wconf 90' lang='lat' dir='ltr'>et</span> <span class='ocrx_word' id='word_1_338' title='bbox 671 1984 761 2024; x_wconf 88' lang='lat' dir='ltr'>videntes</span> <span class='ocrx_word' id='word_1_339' title='bbox 776 1986 876 2037; x_wconf 78' lang='lat' dir='ltr'>videtitis,</span> 
     </span>
     <span class='ocr_line' id='line_1_35' title="bbox 123 2042 877 2092; baseline 0.007 -15"><span class='ocrx_word' id='word_1_340' title='bbox 123 2045 144 2077; x_wconf 88' lang='lat' dir='ltr'>et</span> <span class='ocrx_word' id='word_1_341' title='bbox 158 2054 196 2079; x_wconf 91' lang='lat' dir='ltr'>non</span> <span class='ocrx_word' id='word_1_342' title='bbox 211 2042 309 2082; x_wconf 83' lang='lat' dir='ltr'>videbitis.</span> <span class='ocrx_word' id='word_1_343' title='bbox 335 2049 358 2082; x_wconf 90' lang='grc'>15</span> <span class='ocrx_word' id='word_1_344' title='bbox 375 2043 508 2082; x_wconf 80' lang='lat' dir='ltr'>Incrassatum</span> <span class='ocrx_word' id='word_1_345' title='bbox 524 2053 555 2081; x_wconf 83' lang='lat' dir='ltr'>est</span> <span class='ocrx_word' id='word_1_346' title='bbox 570 2042 622 2081; x_wconf 90' lang='lat' dir='ltr'>enim</span> <span class='ocrx_word' id='word_1_347' title='bbox 637 2053 671 2080; x_wconf 89' lang='lat' dir='ltr'>cor</span> <span class='ocrx_word' id='word_1_348' title='bbox 685 2042 753 2089; x_wconf 89' lang='lat' dir='ltr'>populi</span> <span class='ocrx_word' id='word_1_349' title='bbox 767 2043 833 2092; x_wconf 82' lang='lat' dir='ltr'>huius,</span> <span class='ocrx_word' id='word_1_350' title='bbox 857 2049 877 2082; x_wconf 90' lang='lat' dir='ltr'>et</span> 
     </span>
     <span class='ocr_line' id='line_1_36' title="bbox 123 2097 877 2151; baseline 0.007 -17"><span class='ocrx_word' id='word_1_351' title='bbox 123 2097 202 2136; x_wconf 87' lang='lat' dir='ltr'>auribus</span> <span class='ocrx_word' id='word_1_352' title='bbox 219 2099 259 2137; x_wconf 86' lang='lat' dir='ltr'>suis</span> <span class='ocrx_word' id='word_1_353' title='bbox 274 2101 360 2146; x_wconf 78' lang='lat' dir='ltr'>graviter</span> <span class='ocrx_word' id='word_1_354' title='bbox 378 2100 489 2151; x_wconf 75' lang='lat' dir='ltr'>audierunt⁷</span> <span class='ocrx_word' id='word_1_355' title='bbox 514 2106 535 2138; x_wconf 88' lang='lat' dir='ltr'>et</span> <span class='ocrx_word' id='word_1_356' title='bbox 557 2099 623 2137; x_wconf 91' lang='lat' dir='ltr'>oeulos</span> <span class='ocrx_word' id='word_1_357' title='bbox 645 2111 690 2137; x_wconf 86' lang='lat' dir='ltr'>suos</span> <span class='ocrx_word' id='word_1_358' title='bbox 714 2099 832 2149; x_wconf 82' lang='lat' dir='ltr'>clauserunt,</span> <span class='ocrx_word' id='word_1_359' title='bbox 853 2103 877 2139; x_wconf 87' lang='lat' dir='ltr'>ue</span> 
     </span>
     <span class='ocr_line' id='line_1_37' title="bbox 122 2154 877 2204; baseline 0.007 -13"><span class='ocrx_word' id='word_1_360' title='bbox 122 2154 199 2198; x_wconf 84' lang='lat' dir='ltr'>quando</span> <span class='ocrx_word' id='word_1_361' title='bbox 215 2155 275 2193; x_wconf 88' lang='lat' dir='ltr'>oculis</span> <span class='ocrx_word' id='word_1_362' title='bbox 291 2157 370 2195; x_wconf 82' lang='lat' dir='ltr'>rideant</span> <span class='ocrx_word' id='word_1_363' title='bbox 385 2163 405 2195; x_wconf 89' lang='lat' dir='ltr'>et</span> <span class='ocrx_word' id='word_1_364' title='bbox 421 2158 500 2196; x_wconf 88' lang='lat' dir='ltr'>auribus</span> <span class='ocrx_word' id='word_1_365' title='bbox 523 2156 605 2195; x_wconf 86' lang='lat' dir='ltr'>audiant</span> <span class='ocrx_word' id='word_1_366' title='bbox 620 2161 640 2194; x_wconf 87' lang='lat' dir='ltr'>et</span> <span class='ocrx_word' id='word_1_367' title='bbox 655 2155 713 2194; x_wconf 83' lang='lat' dir='ltr'>corde</span> <span class='ocrx_word' id='word_1_368' title='bbox 728 2156 842 2204; x_wconf 79' lang='lat' dir='ltr'>intelligant</span> <span class='ocrx_word' id='word_1_369' title='bbox 857 2164 877 2196; x_wconf 89' lang='lat' dir='ltr'>et</span> 
     </span>
     <span class='ocr_line' id='line_1_38' title="bbox 121 2213 876 2261; baseline 0.008 -14"><span class='ocrx_word' id='word_1_370' title='bbox 121 2216 266 2261; x_wconf 70' lang='lat' dir='ltr'>convertantur,</span> <span class='ocrx_word' id='word_1_371' title='bbox 283 2220 303 2251; x_wconf 90' lang='grc'>11</span> <span class='ocrx_word' id='word_1_372' title='bbox 319 2227 383 2251; x_wconf 90' lang='lat' dir='ltr'>sanem</span> <span class='ocrx_word' id='word_1_373' title='bbox 398 2213 448 2254; x_wconf 85' lang='lat' dir='ltr'>illos.</span> <span class='ocrx_word' id='word_1_374' title='bbox 473 2219 496 2252; x_wconf 79' lang='lat' dir='ltr'>it</span> <span class='ocrx_word' id='word_1_375' title='bbox 520 2213 590 2252; x_wconf 91' lang='lat' dir='ltr'>Vestri</span> <span class='ocrx_word' id='word_1_376' title='bbox 612 2218 679 2251; x_wconf 85' lang='lat' dir='ltr'>autem</span> <span class='ocrx_word' id='word_1_377' title='bbox 700 2213 754 2252; x_wconf 87' lang='lat' dir='ltr'>beati</span> <span class='ocrx_word' id='word_1_378' title='bbox 776 2213 828 2252; x_wconf 82' lang='lat' dir='ltr'>oculi</span> <span class='ocrx_word' id='word_1_379' title='bbox 843 2215 876 2259; x_wconf 91' lang='lat' dir='ltr'>qui</span> 
     </span>
     <span class='ocr_line' id='line_1_39' title="bbox 120 2266 877 2317; baseline 0.007 -13"><span class='ocrx_word' id='word_1_380' title='bbox 120 2266 194 2317; x_wconf 83' lang='lat' dir='ltr'>rident,</span> <span class='ocrx_word' id='word_1_381' title='bbox 204 2274 224 2306; x_wconf 91' lang='lat' dir='ltr'>et</span> <span class='ocrx_word' id='word_1_382' title='bbox 232 2281 288 2308; x_wconf 89' lang='lat' dir='ltr'>aures</span> <span class='ocrx_word' id='word_1_383' title='bbox 297 2283 340 2316; x_wconf 78' lang='lat' dir='ltr'>quae</span> <span class='ocrx_word' id='word_1_384' title='bbox 349 2270 436 2309; x_wconf 90' lang='lat' dir='ltr'>audiunt.</span> <span class='ocrx_word' id='word_1_385' title='bbox 453 2272 477 2309; x_wconf 79' lang='grc'>17</span> <span class='ocrx_word' id='word_1_386' title='bbox 494 2271 558 2309; x_wconf 88' lang='lat' dir='ltr'>Amen</span> <span class='ocrx_word' id='word_1_387' title='bbox 571 2270 614 2308; x_wconf 90' lang='lat' dir='ltr'>dico</span> <span class='ocrx_word' id='word_1_388' title='bbox 622 2269 677 2308; x_wconf 84' lang='lat' dir='ltr'>vobis</span> <span class='ocrx_word' id='word_1_389' title='bbox 686 2270 738 2315; x_wconf 90' lang='lat' dir='ltr'>quod</span> <span class='ocrx_word' id='word_1_390' title='bbox 745 2270 848 2317; x_wconf 87' lang='lat' dir='ltr'>prophetae</span> <span class='ocrx_word' id='word_1_391' title='bbox 857 2277 877 2309; x_wconf 90' lang='lat' dir='ltr'>et</span> 
     </span>
     <span class='ocr_line' id='line_1_40' title="bbox 120 2323 876 2377; baseline 0.007 -16"><span class='ocrx_word' id='word_1_392' title='bbox 120 2323 168 2362; x_wconf 86' lang='lat' dir='ltr'>iusti</span> <span class='ocrx_word' id='word_1_393' title='bbox 184 2325 361 2371; x_wconf 82' lang='lat' dir='ltr'>cupieruntvidere</span> <span class='ocrx_word' id='word_1_394' title='bbox 375 2340 419 2373; x_wconf 88' lang='lat' dir='ltr'>quae</span> <span class='ocrx_word' id='word_1_395' title='bbox 433 2341 468 2366; x_wconf 82' lang='lat' dir='ltr'>ros</span> <span class='ocrx_word' id='word_1_396' title='bbox 483 2328 568 2377; x_wconf 64' lang='lat' dir='ltr'>uidistis7</span> <span class='ocrx_word' id='word_1_397' title='bbox 584 2333 604 2365; x_wconf 93' lang='lat' dir='ltr'>et</span> <span class='ocrx_word' id='word_1_398' title='bbox 619 2340 658 2365; x_wconf 91' lang='lat' dir='ltr'>non</span> <span class='ocrx_word' id='word_1_399' title='bbox 672 2326 765 2365; x_wconf 85' lang='lat' dir='ltr'>viderunt</span> <span class='ocrx_word' id='word_1_400' title='bbox 780 2333 801 2364; x_wconf 94' lang='lat' dir='ltr'>et</span> <span class='ocrx_word' id='word_1_401' title='bbox 808 2327 876 2366; x_wconf 88' lang='lat' dir='ltr'>audire</span> 
     </span>
     <span class='ocr_line' id='line_1_41' title="bbox 120 2382 876 2430; baseline 0.007 -12"><span class='ocrx_word' id='word_1_402' title='bbox 120 2392 165 2424; x_wconf 85' lang='lat' dir='ltr'>quae</span> <span class='ocrx_word' id='word_1_403' title='bbox 175 2395 210 2419; x_wconf 87' lang='lat' dir='ltr'>vos</span> <span class='ocrx_word' id='word_1_404' title='bbox 218 2382 301 2421; x_wconf 86' lang='lat' dir='ltr'>audistis</span> <span class='ocrx_word' id='word_1_405' title='bbox 310 2391 330 2421; x_wconf 89' lang='grc'>11</span> <span class='ocrx_word' id='word_1_406' title='bbox 337 2396 375 2421; x_wconf 91' lang='lat' dir='ltr'>non</span> <span class='ocrx_word' id='word_1_407' title='bbox 383 2383 492 2424; x_wconf 86' lang='lat' dir='ltr'>audierunt.</span> <span class='ocrx_word' id='word_1_408' title='bbox 509 2387 533 2422; x_wconf 85' lang='grc'>18</span> <span class='ocrx_word' id='word_1_409' title='bbox 549 2383 591 2422; x_wconf 91' lang='lat' dir='ltr'>Vos</span> <span class='ocrx_word' id='word_1_410' title='bbox 600 2397 645 2430; x_wconf 82' lang='lat' dir='ltr'>ergo</span> <span class='ocrx_word' id='word_1_411' title='bbox 654 2383 720 2422; x_wconf 87' lang='lat' dir='ltr'>audite</span> <span class='ocrx_word' id='word_1_412' title='bbox 728 2383 839 2430; x_wconf 88' lang='lat' dir='ltr'>parabolam</span> <span class='ocrx_word' id='word_1_413' title='bbox 848 2397 876 2423; x_wconf 87' lang='lat' dir='ltr'>se-</span> 
     </span>
     <span class='ocr_line' id='line_1_42' title="bbox 120 2437 876 2491; baseline 0.008 -17"><span class='ocrx_word' id='word_1_414' title='bbox 120 2437 218 2476; x_wconf 85' lang='lat' dir='ltr'>minantis.</span> <span class='ocrx_word' id='word_1_415' title='bbox 237 2443 261 2475; x_wconf 84' lang='grc'>19</span> <span class='ocrx_word' id='word_1_416' title='bbox 276 2437 344 2478; x_wconf 86' lang='lat' dir='ltr'>Omnis</span> <span class='ocrx_word' id='word_1_417' title='bbox 353 2441 386 2486; x_wconf 92' lang='lat' dir='ltr'>qui</span> <span class='ocrx_word' id='word_1_418' title='bbox 400 2441 456 2479; x_wconf 88' lang='lat' dir='ltr'>audit</span> <span class='ocrx_word' id='word_1_419' title='bbox 470 2440 550 2480; x_wconf 79' lang='lat' dir='ltr'>verbum</span> <span class='ocrx_word' id='word_1_420' title='bbox 561 2439 615 2488; x_wconf 75' lang='lat' dir='ltr'>regni</span> <span class='ocrx_word' id='word_1_421' title='bbox 629 2448 649 2478; x_wconf 87' lang='lat' dir='ltr'>et</span> <span class='ocrx_word' id='word_1_422' title='bbox 657 2452 695 2478; x_wconf 89' lang='lat' dir='ltr'>non</span> <span class='ocrx_word' id='word_1_423' title='bbox 703 2440 803 2491; x_wconf 72' lang='lat' dir='ltr'>intelligit,</span> <span class='ocrx_word' id='word_1_424' title='bbox 822 2442 876 2480; x_wconf 86' lang='lat' dir='ltr'>venit</span> 
     </span>
     <span class='ocr_line' id='line_1_43' title="bbox 119 2493 874 2544; baseline 0.009 -14"><span class='ocrx_word' id='word_1_425' title='bbox 119 2493 181 2533; x_wconf 84' lang='lat' dir='ltr'>malus</span> <span class='ocrx_word' id='word_1_426' title='bbox 193 2500 213 2532; x_wconf 91' lang='lat' dir='ltr'>et</span> <span class='ocrx_word' id='word_1_427' title='bbox 220 2496 273 2542; x_wconf 85' lang='lat' dir='ltr'>rapit</span> <span class='ocrx_word' id='word_1_428' title='bbox 281 2498 332 2543; x_wconf 85' lang='lat' dir='ltr'>quod</span> <span class='ocrx_word' id='word_1_429' title='bbox 340 2498 456 2535; x_wconf 87' lang='lat' dir='ltr'>seminatum</span> <span class='ocrx_word' id='word_1_430' title='bbox 469 2504 500 2536; x_wconf 91' lang='lat' dir='ltr'>est</span> <span class='ocrx_word' id='word_1_431' title='bbox 511 2498 531 2536; x_wconf 91' lang='lat' dir='ltr'>in</span> <span class='ocrx_word' id='word_1_432' title='bbox 540 2498 599 2538; x_wconf 84' lang='lat' dir='ltr'>corde</span> <span class='ocrx_word' id='word_1_433' title='bbox 607 2497 669 2536; x_wconf 88' lang='lat' dir='ltr'>illius:</span> <span class='ocrx_word' id='word_1_434' title='bbox 685 2497 723 2536; x_wconf 90' lang='lat' dir='ltr'>hoe</span> <span class='ocrx_word' id='word_1_435' title='bbox 731 2504 762 2536; x_wconf 88' lang='lat' dir='ltr'>est</span> <span class='ocrx_word' id='word_1_436' title='bbox 777 2498 811 2544; x_wconf 91' lang='lat' dir='ltr'>qui</span> <span class='ocrx_word' id='word_1_437' title='bbox 819 2509 874 2537; x_wconf 83' lang='lat' dir='ltr'>secus</span> 
     </span>
     <span class='ocr_line' id='line_1_44' title="bbox 118 2549 873 2605; baseline 0.009 -18"><span class='ocrx_word' id='word_1_438' title='bbox 118 2549 170 2588; x_wconf 82' lang='lat' dir='ltr'>viam</span> <span class='ocrx_word' id='word_1_439' title='bbox 186 2552 301 2592; x_wconf 86' lang='lat' dir='ltr'>seminatum</span> <span class='ocrx_word' id='word_1_440' title='bbox 317 2559 353 2593; x_wconf 86' lang='lat' dir='ltr'>est.</span> <span class='ocrx_word' id='word_1_441' title='bbox 370 2557 396 2592; x_wconf 76' lang='lat'>20</span> <span class='ocrx_word' id='word_1_442' title='bbox 413 2551 452 2599; x_wconf 85' lang='lat' dir='ltr'>Qui</span> <span class='ocrx_word' id='word_1_443' title='bbox 467 2561 532 2593; x_wconf 89' lang='lat' dir='ltr'>autem</span> <span class='ocrx_word' id='word_1_444' title='bbox 547 2567 606 2601; x_wconf 87' lang='lat' dir='ltr'>supra</span> <span class='ocrx_word' id='word_1_445' title='bbox 620 2559 700 2601; x_wconf 84' lang='lat' dir='ltr'>petrosa</span> <span class='ocrx_word' id='word_1_446' title='bbox 715 2555 821 2593; x_wconf 88' lang='lat' dir='ltr'>seminatus</span> <span class='ocrx_word' id='word_1_447' title='bbox 837 2564 873 2605; x_wconf 82' lang='lat' dir='ltr'>est,</span> 
     </span>
     <span class='ocr_line' id='line_1_45' title="bbox 118 2606 873 2662; baseline 0.009 -19"><span class='ocrx_word' id='word_1_448' title='bbox 118 2606 151 2645; x_wconf 88' lang='lat' dir='ltr'>hic</span> <span class='ocrx_word' id='word_1_449' title='bbox 166 2614 197 2646; x_wconf 87' lang='lat' dir='ltr'>est</span> <span class='ocrx_word' id='word_1_450' title='bbox 212 2610 245 2656; x_wconf 87' lang='lat' dir='ltr'>qui</span> <span class='ocrx_word' id='word_1_451' title='bbox 261 2611 316 2649; x_wconf 88' lang='lat' dir='ltr'>audit</span> <span class='ocrx_word' id='word_1_452' title='bbox 333 2611 413 2650; x_wconf 85' lang='lat' dir='ltr'>verbum</span> <span class='ocrx_word' id='word_1_453' title='bbox 432 2617 452 2650; x_wconf 92' lang='lat' dir='ltr'>et</span> <span class='ocrx_word' id='word_1_454' title='bbox 467 2613 558 2650; x_wconf 89' lang='lat' dir='ltr'>continuo</span> <span class='ocrx_word' id='word_1_455' title='bbox 580 2623 623 2649; x_wconf 88' lang='lat' dir='ltr'>cum</span> <span class='ocrx_word' id='word_1_456' title='bbox 646 2611 716 2658; x_wconf 84' lang='lat' dir='ltr'>gaudio</span> <span class='ocrx_word' id='word_1_457' title='bbox 733 2612 804 2659; x_wconf 86' lang='lat' dir='ltr'>accipit</span> <span class='ocrx_word' id='word_1_458' title='bbox 818 2612 873 2662; x_wconf 83' lang='lat' dir='ltr'>illud,</span> 
     </span>
     <span class='ocr_line' id='line_1_46' title="bbox 116 2665 874 2718; baseline 0.008 -18"><span class='ocrx_word' id='word_1_459' title='bbox 116 2667 142 2700; x_wconf 79' lang='lat'>21</span> <span class='ocrx_word' id='word_1_460' title='bbox 162 2665 196 2702; x_wconf 89' lang='lat' dir='ltr'>sed</span> <span class='ocrx_word' id='word_1_461' title='bbox 212 2679 249 2704; x_wconf 91' lang='lat' dir='ltr'>non</span> <span class='ocrx_word' id='word_1_462' title='bbox 264 2668 323 2706; x_wconf 86' lang='lat' dir='ltr'>habet</span> <span class='ocrx_word' id='word_1_463' title='bbox 339 2669 359 2706; x_wconf 88' lang='lat' dir='ltr'>in</span> <span class='ocrx_word' id='word_1_464' title='bbox 375 2681 395 2706; x_wconf 88' lang='lat' dir='ltr'>se</span> <span class='ocrx_word' id='word_1_465' title='bbox 405 2668 496 2718; x_wconf 84' lang='lat' dir='ltr'>radicem,</span> <span class='ocrx_word' id='word_1_466' title='bbox 512 2668 547 2707; x_wconf 91' lang='lat' dir='ltr'>sed</span> <span class='ocrx_word' id='word_1_467' title='bbox 562 2674 593 2707; x_wconf 90' lang='lat' dir='ltr'>est</span> <span class='ocrx_word' id='word_1_468' title='bbox 601 2668 724 2714; x_wconf 85' lang='lat' dir='ltr'>temporalis:</span> <span class='ocrx_word' id='word_1_469' title='bbox 741 2669 793 2707; x_wconf 83' lang='lat' dir='ltr'>facta</span> <span class='ocrx_word' id='word_1_470' title='bbox 808 2674 874 2707; x_wconf 87' lang='lat' dir='ltr'>autem</span> 
     </span>
    </p>
   </div>
   <div class='ocr_carea' id='block_1_3' title="bbox 0 0 940 2914">
    <p class='ocr_par' dir='ltr' id='par_1_4' title="bbox 0 0 940 2914">
     <span class='ocr_line' id='line_1_47' title="bbox 0 0 940 2914; baseline 0 2"><span class='ocrx_word' id='word_1_471' title='bbox 0 0 940 2914; x_wconf 95' lang='lat' dir='ltr'> </span> 
     </span>
    </p>
   </div>
  </div>
 </body>
</html>
