1869 2914
113 55 140 92 64
443 49 478 85 Ev.
491 59 525 84 sec.
770 51 790 87 G.
805 51 832 86 15.
846 50 877 86 16,

111 176 298 225 lamasabacthani,
315 176 367 222 quod
382 183 413 215 est
427 178 581 224 interpretatum
595 177 633 215 hoc
648 177 742 216 estDeus
757 190 812 216 meus
829 177 876 216 deus

111 247 173 281 meus
189 239 212 271 ut
227 233 276 279 quid
291 233 415 281 exprobrasti
429 236 474 272 me?
491 238 515 272 35
533 233 648 279 Etouidam
664 235 688 273 de
703 233 892 274 circumstantibus.

112 290 219 329 audiebant
234 304 276 328 cam
292 297 313 329 et
328 291 419 329 dicebant
433 290 514 328 Heliam
529 296 588 328 vocat
609 291 655 329 iste.
680 295 705 329 36
729 290 757 330 Et
772 303 876 329 accurrens

111 361 162 386 unus
177 346 260 394 implens
276 349 376 394 spongiam
392 352 447 385 aceto
462 347 558 393 imposuit
577 347 683 385 harundini
699 354 720 386 et
733 354 802 394 potum
818 347 877 387 dabat

111 405 131 442 ei
147 405 220 453 dicens,
237 403 300 442 Sinite
315 404 416 442 videamus
432 405 449 442 si
463 405 530 442 veniat
545 403 615 441 Helias
632 404 729 450 deponere
736 418 786 444 eum.
805 408 830 443 37
846 403 875 442 ie·

111 475 146 500 sus
162 467 227 499 autem
242 461 334 498 emittens
349 473 417 499 vocem
433 473 522 507 magnam
538 460 604 498 emisit
618 461 716 507 spiritum.
734 465 759 499 38
776 460 803 499 Et
811 460 875 500 velum

111 518 181 564 templi
197 517 279 556 scissum
300 522 331 554 cst
353 517 374 555 111
398 517 446 555 duas
470 522 536 563 partes
560 530 571 554 a
593 530 668 555 summo
690 530 752 563 usque
777 518 874 557 deorsum.

111 573 161 613 Cum
177 580 242 612 antem
257 573 334 612 videret
355 574 444 611 centurio
468 574 501 620 qui
525 573 590 612 stabat
613 579 682 612 contra
705 587 749 612 eum
773 574 825 620 quod
847 574 876 612 sic

112 631 197 669 clamans
223 630 321 668 emisisset
341 630 432 676 spiritum
449 630 500 668 dixit
514 629 567 668 Vere
582 630 615 668 hic
637 629 695 669 homo
709 631 761 669 filins
777 636 820 669 erat
836 630 873 669 dei.

112 691 139 725 40
155 687 219 725 Erant
234 693 299 725 autem
314 687 382 725 multae
398 687 516 725 mulieresa
539 686 595 733 longe
617 687 726 737 audientes,
751 688 804 726 inter
826 700 874 734 quas

111 750 155 782 erat
170 744 235 782 Maria
249 743 372 793 lllagdalene,
389 749 409 781 ct
424 743 488 781 Maria
503 742 570 782 Iacobi
585 744 666 783 minoris
682 750 702 782 et
717 743 790 790 Ioseph
806 750 826 782 et
836 757 874 782 ma·

112 807 143 839 ter
159 799 244 851 Salome,
260 803 284 838 41
303 798 353 845 Quae
369 814 411 839 cum
429 806 494 838 essent
509 800 530 838 in
546 798 628 838 (talilaea
643 800 776 848 sequebantur
794 813 838 838 eum
854 805 875 839 et

112 857 252 896 ministrabant
267 857 291 905 ei,
309 863 329 894 et
344 857 388 896 aliae
403 857 471 895 multae
487 869 531 902 quae
547 857 605 895 simul
621 868 665 895 cum
680 858 723 904 ipso
747 857 874 896 ascenderant

112 913 240 952 ierosolimis,
267 916 293 951 42
309 912 337 951 Et
352 925 395 951 cnm
410 927 454 951 sero
470 918 522 951 esset
537 913 611 951 factum
619 914 822 960 quodestparasceve
833 913 874 952 sab-

112 971 161 1020 bati,
177 973 203 1008 44
219 971 274 1009 venit
287 969 360 1016 Ioseph
370 970 394 1007 ab
403 970 516 1007 Arimathia
531 969 585 1008 dives
601 969 687 1020 decurio,
702 971 790 1016 quierat
803 969 873 1015 etipse

112 1032 217 1072 expectans
233 1040 314 1073 regnum
330 1026 367 1074 dei,
383 1026 416 1064 hie
438 1030 552 1064 constanter
566 1027 644 1064 introiit
652 1027 676 1064 ad
686 1026 774 1064 Pilatum
787 1032 808 1064 et
815 1026 874 1073 petiit

111 1082 240 1130 corpuslcsu.
251 1085 277 1120 44
286 1082 364 1120 Pilatus
370 1088 435 1120 autem
442 1082 551 1121 mirabatur
559 1083 576 1120 si
584 1083 623 1120 iam
631 1082 705 1122 obisset
710 1083 767 1121 lesus
776 1088 874 1121 ctvocans

113 1141 248 1178 centurionem
263 1139 400 1187 interrogabat
415 1153 460 1177 cum
475 1140 492 1177 si
507 1140 546 1177 iam
554 1145 643 1177 mortuus
659 1144 717 1179 esset,
738 1143 764 1178 45
782 1138 874 1185 Quicum

113 1197 236 1243 cognovisset
251 1209 263 1234 a
278 1197 399 1244 centurione,
415 1196 496 1234 donavit
506 1207 576 1243 corpus
587 1195 666 1243 Ioseph.
683 1199 709 1235 46
725 1196 800 1243 Ioseph
807 1202 873 1234 autem

112 1266 178 1291 emens
194 1253 296 1291 sindonem
316 1252 407 1299 deposuit
432 1265 476 1290 eum
499 1257 519 1290 et
541 1252 624 1290 involvit
646 1253 667 1290 in
687 1266 710 1291 ea
734 1264 804 1299 corpus
826 1252 874 1291 Iesu

112 1315 133 1348 ct
147 1310 215 1356 posuit
230 1322 274 1347 eum
289 1309 309 1347 in
327 1315 452 1347 monumento
476 1309 527 1355 quod
549 1315 590 1346 erat
613 1310 700 1347 excisum
722 1310 742 1347 in
764 1319 826 1358 petra,
854 1315 873 1348 et

112 1366 201 1405 advolvit
215 1366 300 1413 lapidem
316 1366 340 1403 ad
355 1367 428 1404 ostium
442 1366 570 1403 monumenti.
590 1366 617 1403 41
633 1365 699 1404 illaria
714 1373 779 1404 autem
794 1365 873 1413 Magda-

112 1424 156 1461 lene
172 1422 353 1462 111111111111111
369 1422 477 1469 ctioseph
497 1428 614 1460 notaverunt
638 1422 676 1461 sibi
697 1422 762 1461 locum
784 1422 818 1462 ubi
840 1436 873 1469 po-

111 1485 198 1518 meretur.

170 1531 224 1577 XVl.
257 1540 266 1573 1
290 1535 319 1573 Et
343 1548 387 1573 cum
409 1535 532 1580 praeterisset
554 1534 663 1586 sabbatum,v
687 1534 782 1573 abeuntes
806 1535 873 1573 111111

111 1592 227 1639 Magdalene
244 1598 263 1629 et
278 1591 343 1629 illaria
357 1590 425 1629 iacobi
441 1591 551 1628 attulerunt
561 1597 654 1641 aromata,
670 1597 693 1629 ut
709 1605 753 1629 eum
768 1597 871 1638 ungerent.

112 1654 124 1687 2
147 1649 175 1687 Et
190 1649 291 1687 venientes
306 1661 345 1685 nna
360 1646 437 1686 sabbati
453 1646 477 1684 ad
492 1653 645 1695 monumentum,
661 1648 735 1686 oriente
751 1647 797 1696 sole,
815 1653 825 1687 3
843 1648 871 1686 di-

111 1705 181 1744 cebant
196 1705 221 1742 ad
236 1706 319 1743 invicem
335 1703 385 1749 Quis
400 1703 456 1742 nobis
475 1705 563 1743 revolvet
578 1704 663 1751 lapidem
686 1704 709 1743 ab
733 1705 783 1743 ostio
806 1718 872 1743 monu-

111 1763 178 1800 menti.
198 1761 248 1799 Erat
263 1761 315 1799 enim
330 1773 411 1807 magnus
426 1760 488 1799 valde.
516 1760 572 1799 4Et
587 1761 669 1800 veniunt
684 1762 822 1800 etinveniunt
843 1775 873 1799 re-

111 1819 199 1857 volutum
224 1818 315 1864 lapidem.
362 1822 373 1854 5
404 1816 432 1854 Et
454 1818 548 1864 ingressae
570 1818 591 1855 in
611 1823 758 1856 monumentum
780 1818 872 1856 viderunt

111 1877 203 1914 invenem
218 1875 318 1912 sedentem
334 1875 355 1912 in
370 1873 452 1925 dextris,
469 1880 582 1919 coopertum
598 1875 648 1912 stola
669 1874 756 1923 candida,
781 1881 801 1912 et
816 1888 872 1920 expa-

111 1937 188 1970 verunt.
221 1936 232 1969 t
255 1930 284 1968 Et
299 1931 350 1967 dixit
369 1931 397 1967 eis
413 1929 480 1967 Nolite
504 1941 643 1976 expavescere:
659 1930 727 1969 iesum
748 1930 872 1969 Nazarenum

112 1988 202 2034 qnaeritis
218 1987 340 2025 crucifixum:
357 1985 450 2035 surrexit,
466 1985 531 2024 videte
546 1986 610 2024 locum
625 1987 667 2025 eius
682 1986 716 2025 ubi
730 1987 807 2033 positus
823 1994 870 2026 erat.

113 2046 124 2083 7
141 2044 181 2083 Sed
195 2044 224 2082 ite
240 2043 299 2081 dicite
315 2042 416 2087 discipulis
432 2043 474 2080 cius
491 2048 511 2080 et
525 2042 585 2081 Petro
609 2044 655 2089 qnia
676 2044 773 2090 praecedit
794 2057 829 2083 vos
851 2045 872 2083 in

112 2100 223 2140 Galilaeam:
240 2099 274 2138 ubi
290 2113 334 2138 eum
348 2099 448 2147 videbitis,
464 2100 516 2137 sicut
531 2100 582 2138 dixit
596 2100 658 2140 vobis.
676 2105 686 2138 8
703 2102 733 2139 At
747 2100 788 2139 illae
802 2114 873 2139 exeun·

111 2165 141 2196 tes
157 2158 251 2205 fugerunt
266 2157 289 2194 dc
304 2161 439 2194 monumento:
455 2156 555 2195 invaserat
570 2158 621 2195 enim
636 2157 680 2197 illa-s
695 2160 754 2196 timor
769 2161 790 2196 et
804 2169 871 2207 pavor,

111 2221 132 2253 ct
147 2214 221 2253 nemini
237 2214 340 2260 quicquam
356 2212 456 2251 dicebant:
472 2213 568 2253 timebant
586 2215 644 2253 enim.
670 2219 680 2253 9
705 2214 790 2262 Surgens
806 2220 872 2253 autem

110 2272 168 2311 Iesus
183 2284 239 2310 mane
254 2270 318 2316 prima
340 2269 417 2308 sabbati
439 2271 530 2316 apparuit
551 2271 636 2318 primum
657 2271 728 2309 Mariae
743 2271 871 2318 stagnans,

111 2329 135 2366 dc
151 2341 189 2375 qua
205 2328 291 2366 eiecerat
305 2331 380 2373 septem
396 2326 497 2365 demonia.
516 2331 540 2366 10
556 2327 595 2366 Ita
610 2333 675 2366 autem
685 2340 809 2374 praecurrens
825 2341 872 2366 nun-

111 2386 172 2424 ciavit
196 2386 225 2423 eis
250 2385 284 2430 qui
309 2395 353 2421 cum
377 2384 420 2430 ipso
446 2389 507 2433 erant,
538 2384 650 2432 lugentibus
674 2390 694 2423 et
714 2383 807 2423 fientibus
835 2385 870 2424 eis.

112 2447 136 2481 11
154 2442 185 2480 At
199 2442 229 2480 illi
244 2441 312 2479 audito
328 2440 380 2488 quod
394 2441 471 2479 viveret
486 2447 506 2479 et
520 2441 574 2480 visus
590 2441 682 2480 essetab
698 2454 727 2492 ea,
750 2454 788 2480 non
810 2441 872 2480 credi-

110 2499 188 2538 derunt.
222 2502 247 2536 12
267 2497 318 2536 Post
332 2499 376 2535 lraec
391 2498 483 2543 apparuit
502 2498 577 2537 duobus
601 2512 625 2536 ex
647 2497 675 2535 eis
691 2497 835 2538 ambulantibus
850 2499 872 2537 in

111 2556 149 2594 alia
164 2556 235 2605 effigie,
252 2554 345 2593 euntibus
360 2554 380 2592 in
396 2554 468 2597 villam.
494 2559 518 2593 13
535 2557 563 2594 Et
584 2556 614 2593 illi
637 2560 705 2593 euntes
728 2557 871 2595 nuntiaverunt

110 2614 199 2651 caeteris:
215 2625 251 2651 nec
266 2612 315 2658 ipsis
327 2610 457 2650 crediderunt.
476 2615 501 2649 14
517 2611 629 2651 Novissime
638 2612 870 2652 autemrecrunbentibus

110 2669 149 2707 illis
165 2670 255 2709 undecim
270 2669 368 2719 apparuit,
392 2674 412 2707 ct
427 2669 553 2716 exprobravit
574 2668 733 2708 incredulitatem
748 2670 835 2717 ipsorum
850 2675 871 2709 et

109 2726 205 2765 duriciam
230 2727 294 2765 cordis
317 2739 391 2776 corum,
417 2727 507 2772 quoniam
535 2727 564 2766 eis
590 2727 624 2775 qui
648 2726 740 2766 viderant
761 2727 817 2766 illum
841 2741 870 2766 re-
