1837 2928
81 57 100 93 0.
113 59 130 90 9.
437 51 496 87 hiare.
525 29 526 32 Ἰ

82 181 206 220 conturbavit
229 193 312 227 puerum
338 186 358 218 et
383 180 453 219 cadens
478 180 498 217 in
523 185 596 218 terram
624 177 727 217 volutabat
741 186 845 225 spumans}

82 242 108 277 20
124 238 152 276 Ε1
166 238 295 285 interrogarit
309 236 366 275 lesus
388 242 465 284 patrem
480 237 522 275 eius
539 235 639 282 Quantum
654 236 747 281 temporis
764 241 794 273 est
817 247 841 272 ex

82 307 119 343 quo
134 295 172 333 hoc
187 296 261 333 factum
277 300 308 333 est
322 293 365 332 illi?
380 293 417 332 Ille
433 298 498 332 autem
515 294 566 331 dixit
574 293 606 332 Ab
621 291 716 332 infancia:
733 296 758 330 21
768 297 842 330 namet

81 352 196 397 frequenter
211 351 266 389 illum
282 358 302 390 et
316 351 337 389 in
352 351 416 398 ignem
433 358 453 390 et
467 351 488 389 in
503 363 563 397 aquas
579 350 634 389 misit
647 352 671 386 ut
681 362 725 387 eum
739 349 844 396 perderetz·

81 409 116 447 sed
131 409 149 446 si
164 409 212 456 quid
225 415 289 455 potes,
306 408 401 446 auxiliare
416 408 473 448 nobis
490 414 510 446 et
524 409 618 447 miserere
640 407 710 444 nostri.
734 411 760 444 22
783 406 842 444 Iesus

82 470 147 504 autem
163 465 215 503 dixit
229 465 260 504 illi
274 464 296 504 Si
310 471 367 512 potes
383 465 472 504 credere:
490 466 554 504 omnia
568 463 670 511 possibilia
685 467 731 502 sunt
746 463 840 503 credenti.

82 527 107 561 23
126 520 223 561 Continuo
239 522 348 561 exclamans
363 530 421 569 pater
434 523 491 570 pueri
507 534 550 560 cum
568 522 660 568 lacrymis
684 519 762 559 dicebat
778 519 841 559 oredo

82 580 158 618 domine
174 580 257 619 subveni
278 580 413 618 incredulitati
432 592 487 619 meae.
519 582 545 617 24
575 578 603 617 Et
625 592 668 617 cum
691 577 770 617 videret
784 576 841 616 lesus

80 637 157 676 turbam
174 643 321 675 concurrentem
337 637 465 675 comminatus
482 642 512 675 est
527 636 606 683 spiritui
621 635 796 673 immundodicens
812 633 841 672 illi

80 693 137 731 Muta
153 699 173 731 et
188 694 246 732 surde
262 694 351 745 spiritus⁷
374 707 409 742 ego
424 694 461 732 tibi
476 694 577 742 praecipio,
599 693 631 731 exi
646 692 669 731 ab
684 692 718 730 illo
734 697 754 730 ct
771 705 795 729 ne
810 704 841 728 rc-

81 750 141 789 dieris
149 751 169 788 in
184 750 225 789 illo.
242 756 267 789 25
283 750 312 789 Et
327 751 444 789 exclamarit
459 755 478 789 51
487 750 592 797 discipavit
603 762 647 787 eum
659 754 680 787 et
686 749 748 787 exivit
756 748 779 786 tle
788 762 811 786 eo
820 755 840 786 et

80 808 168 853 proiecto
183 808 225 858 illo³
241 813 262 846 et
276 807 341 846 factus
360 813 390 845 est
404 821 454 854 puer
468 809 524 846 velut
538 812 636 853 mortuus
658 806 688 844 ita
702 811 726 844 ut
739 805 797 844 multi
813 805 840 842 di-

81 871 148 903 cerent
163 862 214 909 Quia
229 870 318 904 mortuus
334 870 370 903 est.
401 869 427 902 26
444 864 501 903 Ι55115
517 869 583 902 autem
603 869 673 902 tenens
695 876 774 901 manum
797 862 840 900 eius

80 921 165 960 elevavit
180 934 230 970 eum,
247 927 268 960 et
282 923 375 962 surrexit.
406 922 433 960 27
448 922 476 960 Et
491 933 535 960 cum
550 921 653 959 introisset
676 920 759 969 domum,
781 920 841 958 inter-

80 978 175 1025 rogabant
190 992 233 1017 eum
250 979 342 1026 discipuli
357 984 432 1017 secreto
449 979 536 1017 dicentes
553 976 618 1024 Quare
634 991 669 1016 nos
685 991 724 1016 non
739 978 839 1024 potuimus

80 1035 135 1074 illum
151 1036 234 1075 eiicere?
258 1039 284 1075 38
308 1034 384 1082 Quibus
399 1037 441 1083 ipse
462 1036 513 1074 dixit
528 1035 574 1074 Hoc
594 1048 654 1083 genus
670 1035 690 1073 in
705 1033 758 1073 nullo
773 1039 841 1082 potest

81 1093 134 1131 exire
149 1093 188 1130 nisi
203 1094 223 1131 in
238 1093 328 1132 oracione
344 1099 365 1131 51
378 1093 459 1131 ieiunio.
490 1098 515 1131 21]
543 1093 570 1131 Et
585 1092 631 1131 inde
646 1092 720 1139 egressi
734 1091 790 1131 ibant
804 1104 840 1137 per

81 1148 189 1198 Galilaeam,
204 1163 240 1187 nec
255 1150 334 1189 volebat
349 1162 464 1198 quemquam
480 1151 537 1188 scire.
570 1154 595 1188 30
611 1148 701 1188 Docebat
720 1154 786 1187 autem
802 1148 840 1186 dis-

81 1206 155 1253 cipulos
171 1220 222 1255 suos,
240 1212 260 1245 et
275 1207 353 1246 dicebat
366 1206 406 1245 illis
423 1207 514 1253 quoniam
528 1206 581 1245 filius
596 1207 681 1244 hominis
704 1206 795 1244 tradetur
819 1205 840 1243 in

80 1263 488 1316 115511511511111111111,510551151111111111,
512 1269 533 1302 et
554 1267 600 1310 post
622 1268 662 1301 tres
685 1263 727 1301 dies
742 1268 839 1309 resurget.

82 1325 104 1358 3]
123 1321 157 1359 illi
173 1327 238 1359 autem
252 1321 368 1368 ignorabant
383 1321 470 1371 verbum!
486 1326 507 1359 et
525 1320 620 1359 timebant
642 1321 764 1367 interrogare
778 1320 839 1358 illum.

82 1382 107 1416 32
123 1377 151 1416 Et
164 1384 262 1417 venerunt
277 1376 419 1425 Gapharnaum.
451 1377 490 1424 Qui
505 1379 584 1416 cumin
600 1378 656 1416 domo
676 1383 735 1427 55551,
758 1378 841 1415 interro·

79 1435 138 1482 gabat
153 1448 185 1473 eos
202 1435 268 1474 dicens
284 1434 337 1481 Quid
351 1436 373 1474 in
387 1436 419 1474 via
433 1435 564 1475 tractabatis?
581 1439 605 1474 33
622 1434 655 1473 Illi
665 1440 731 1473 autem
741 1435 839 1484 tacebant,

78 1498 214 1531 tractaverunt
237 1493 288 1531 enim
311 1493 336 1531 ad
357 1493 441 1531 invicem
463 1493 484 1531 in
506 1492 539 1531 via
572 1493 661 1539 quisnam
684 1497 737 1531 esset
762 1492 841 1531 illorum

78 1550 148 1590 maior.
188 1552 213 1588 34
241 1549 268 1588 Et
294 1550 396 1588 considens
420 1550 499 1589 vocavit
522 1548 568 1587 XII
593 1555 613 1588 et
635 1550 664 1587 ait
686 1549 725 1588 illis
751 1547 773 1587 Si
796 1549 840 1597 quis

78 1607 121 1645 vult
135 1607 211 1653 primus
226 1620 276 1656 esse,
300 1608 339 1645 erit·
353 1608 439 1646 omnium
455 1607 575 1645 norissimus
598 1613 619 1645 et
642 1608 728 1645 omnium
743 1607 840 1647 minister.

80 1668 104 1704 35
119 1663 147 1702 Et
162 1676 262 1702 assumens
277 1675 360 1711 puerum
375 1664 447 1702 statuit
461 1677 505 1702 eum
520 1664 541 1702 in
556 1664 620 1702 medio
636 1677 714 1714 eorumg
730 1677 787 1710 quem
796 1675 840 1702 eum

78 1720 190 1767 complexus
212 1726 270 1770 55551,
294 1722 323 1759 ait
344 1721 390 1761 illis.
422 1726 447 1760 36
472 1719 566 1768 Quisquis
587 1733 611 1759 ex
636 1721 749 1759 huiusmodi
771 1721 839 1767 pueris

79 1778 179 1824 exceperit
193 1779 214 1816 in
228 1778 306 1816 nomine
321 1791 371 1824 meoy
387 1791 417 1816 me
433 1778 519 1829 excipit3
543 1778 690 1826 etquicunque
712 1791 743 1816 me
766 1778 841 1824 excipit

78 1848 117 1873 non
132 1848 163 1873 me
179 1834 253 1881 excipit
268 1835 303 1873 sed
318 1848 362 1873 eum
378 1836 412 1882 qui
426 1848 457 1873 me
472 1835 532 1873 misit.
560 1835 585 1873 37
601 1835 712 1882 Respondit
727 1841 794 1873 autem
808 1834 839 1873 Io-

79 1892 154 1930 hannes
170 1897 190 1929 et
205 1892 256 1930 dixit
275 1891 306 1930 illi
321 1891 422 1942 Magister,
445 1891 531 1931 vidimus
550 1892 646 1939 quendam
668 1893 689 1930 in
710 1892 788 1931 nomine
804 1898 839 1931 tuo

78 1949 190 1987 eiicientem
205 1949 307 1998 daemonia,
324 1950 358 1994 qui
372 1963 411 1988 non
426 1949 517 1996 sequitur
531 1963 572 1998 nos,
590 1955 609 1987 et
624 1949 760 1996 prohibuimus
775 1949 838 1989 illum.

80 2010 105 2044 38
121 2005 158 2044 Ait
173 2005 212 2044 illis
227 2005 284 2045 Iesus
299 2005 367 2044 Nolite
382 2006 487 2053 prohibere
503 2018 546 2045 eos:
570 2019 627 2045 nemo
643 2012 674 2045 est
689 2007 740 2045 enim
756 2007 790 2053 qui
812 2007 841 2044 fa·

79 2063 118 2101 ciat
138 2064 233 2102 virtutem
255 2064 276 2101 in
299 2064 376 2101 nomine
398 2076 442 2101 meo
465 2068 486 2101 et
507 2064 582 2110 poterit
608 2064 658 2102 male
678 2064 733 2110 loqui
756 2064 779 2101 de
802 2077 839 2104 1115,

79 2124 104 2157 39
122 2117 161 2164 Qui
177 2120 228 2157 enim
243 2134 282 2158 nou
297 2125 328 2158 est
343 2120 437 2158 adversus
452 2133 493 2168 VOS,
509 2134 545 2167 pro
560 2120 616 2160 vobis
633 2126 672 2161 551.
701 2125 728 2159 40
744 2119 838 2167 Quisquis

78 2176 130 2213 5111111
145 2181 214 2222 potum
230 2176 307 2215 dederit
322 2189 347 2214 ex
360 2176 416 2216 vobis
432 2177 512 2215 calicem
528 2189 584 2225 aquae
599 2178 620 2215 in
635 2178 713 2216 nomine
728 2191 777 2227 meo,
794 2179 840 2224 quia

79 2231 154 2271 Christi
175 2233 229 2278 estis,
257 2246 313 2271 amen
336 2234 379 2271 dico
401 2233 464 2285 vobis,
489 2248 527 2273 non
550 2235 620 2281 perdet
643 2235 752 2273 mercedem
778 2248 839 2273 suam.

79 2292 104 2328 41
120 2289 149 2327 Et
164 2289 252 2337 quisquis
268 2290 431 2329 scandalizaverit
445 2305 507 2329 unum
522 2303 546 2329 ex
565 2291 643 2339 pusillis
658 2292 690 2330 his
714 2292 839 2331 credentibus

78 2347 99 2385 111
113 2359 151 2396 me,
166 2346 238 2384 bonum
253 2346 283 2384 illi
297 2348 359 2393 magis
374 2348 391 2385 si
407 2348 562 2387 circumdaretur
577 2348 628 2387 mola
644 2349 728 2386 asinaria
738 2349 790 2387 eirca
803 2348 840 2387 col-

78 2403 119 2442 lum
134 2404 177 2441 eius
193 2409 214 2442 et
228 2404 249 2441 in
263 2416 317 2441 mare
332 2404 451 2448 mitteretur.
483 2409 510 2443 42
525 2405 554 2443 Et
569 2406 586 2443 si
602 2405 721 2445 scandalizat
735 2412 755 2444 te
770 2419 840 2445 manus

78 2466 119 2509 tua,
135 2459 276 2508 amputaillam
288 2461 361 2501 abste:
377 2460 450 2500 bonum
466 2468 497 2501 est
510 2462 547 2501 tibi
560 2462 643 2502 debilem
651 2463 734 2501 introire
742 2463 837 2513 invitam,

78 2530 136 2563 quam
151 2518 199 2557 duas
214 2531 283 2556 manus
298 2517 403 2556 habentem
418 2519 447 2556 ire
462 2519 483 2556 in
498 2519 607 2566 gehennam
629 2519 664 2558 ubi
686 2526 716 2558 est
738 2520 788 2566 ignis
810 2520 839 2557 in-

78 2574 220 2624 extinguibilis,
248 2578 274 2613 43
290 2575 325 2613 ubi
339 2575 411 2614 vermis
427 2588 495 2614 eorum
509 2589 548 2614 non
563 2577 658 2615 morietur
674 2583 694 2615 et
704 2576 755 2623 ignis
771 2589 840 2615 eorum

77 2644 117 2678 non
133 2632 266 2679 extinguetur.
282 2635 309 2670 44
325 2631 353 2670 Et
367 2632 384 2670 si
398 2644 433 2678 pes
448 2638 495 2671 111115
511 2633 630 2672 scandalizat
645 2638 672 2683 15,
688 2637 768 2679 amputa
784 2634 840 2673 illum

78 2691 130 2734 ate,
146 2688 218 2727 bonum
235 2689 286 2727 enim
309 2694 340 2727 est
354 2688 391 2727 tibi
407 2689 497 2728 claudum
512 2691 596 2728 introire
618 2691 638 2728 in
653 2691 715 2728 vitam
737 2697 839 2738 aeternam,

78 2757 135 2790 quam
151 2745 199 2785 duos
214 2746 274 2792 pedes
289 2746 395 2785 habentem
410 2746 464 2784 mitti
472 2747 492 2785 in
500 2747 609 2794 gehennam
616 2747 666 2794 ignis
674 2747 838 2799 inextinguibilis,
