1869 2914
122 41 148 76 85
469 35 504 71 Ev.
518 44 553 71 sec.
800 34 820 70 G.
833 34 851 69 8.
864 36 880 69 9.

120 160 210 206 quaedam
236 166 279 199 erat
310 161 331 199 iu
356 161 411 199 fluxu
437 161 537 208 sanguinis
566 160 621 199 annis
647 159 699 212 XH,
729 173 773 210 quae
797 161 818 199 in
842 174 881 199 me=

120 217 175 255 dicos
190 223 306 264 erogaverat
321 230 397 255 omnem
412 217 544 257 substanciam
566 230 622 256 suam
646 231 682 258 nec
702 218 725 258 ab
750 218 789 257 ullo
814 219 881 265 potuit

120 274 195 312 curari:
226 277 254 312 44
270 274 364 312 accedens
379 279 432 312 retro
448 274 554 321 etit-etigit
576 273 672 313 fimbriam
693 275 808 314 vestimenti
830 275 879 324 eius,

120 337 141 369 et
156 331 260 370 confestim
275 332 333 370 stetit
350 331 415 369 fluxus
440 332 540 378 sanguinis
567 331 615 371 eius.
646 334 672 369 45
698 330 727 370 Et
751 332 802 370 dixit
823 330 881 369 Iesus

119 385 171 432 Quis
186 401 217 427 me
233 388 314 436 tetigit?
338 387 462 434 Negantibus
485 394 551 427 autem
567 388 656 427 omnibus
673 389 725 427 dixit
739 390 758 427 ei
773 389 846 427 Petrus
862 395 883 427 et

119 445 155 489 qui
170 458 213 483 cnm
229 458 252 483 55
268 450 324 482 erant
338 443 460 494 Praeceptor7
486 445 551 484 turbae
567 450 587 483 te
602 446 734 491 comprimunt
756 453 777 484 55
792 446 880 495 affigunt,

120 507 141 539 et
156 502 205 540 dicis
222 499 270 547 Quis
286 514 317 539 me
332 501 412 548 tetigit?
444 503 470 539 tc
485 499 515 539 Et
529 501 580 539 dixit
594 500 652 539 Iesus
667 501 743 548 Tetigit
752 515 783 540 me
799 501 879 548 aliquis:

119 571 155 605 ego
171 559 222 596 enim
237 558 290 596 sensi
305 558 400 595 virtutem
416 571 427 595 a
443 571 475 595 me
491 558 561 597 exisse.
592 559 619 595 47
642 557 719 596 Videns
734 558 796 605 igitur
810 558 881 596 mulier

120 615 167 662 quia
181 628 221 652 ncn
235 614 295 652 latuit
310 627 360 663 eum,
376 615 431 653 venit
446 620 532 653 tremens
548 619 568 653 et
577 614 664 661 procidit
674 620 719 653 ante
729 615 789 661 pedes
797 614 850 653 iilius
860 621 881 653 55

119 676 270 717 propterquam
285 683 363 708 causam
379 671 478 717 tetigisset
493 684 538 709 eum
552 670 648 710 indicavit
658 683 723 709 coram
738 672 791 710 omni
800 672 879 719 populo,

119 734 141 765 et
155 727 319 775 quemadmodum
334 727 436 766 confestim
452 734 520 766 sanata
534 727 567 766 sit.
598 729 624 766 ts
647 727 694 774 Ipse
713 729 780 774 itaque
796 728 847 767 dixit
862 729 880 767 ei

119 784 180 834 Filia,
195 785 244 822 fides
259 790 294 822 tua
309 790 329 822 te
345 785 418 822 salvam
432 785 490 822 fecit:
510 785 560 822 vade
579 785 599 822 in
620 797 674 831 pace.
687 828 690 833 ,
704 787 730 823 49
762 785 834 823 Adhuc
857 797 879 823 eo

119 841 213 888 loquente
228 847 324 880 venerunt
340 841 365 879 ad
379 842 488 887 principem
503 854 607 889 synagogae
615 842 702 880 dicentes
718 840 880 887 ciQuiamortua

119 904 152 935 est
166 898 206 935 filia
221 904 261 943 tua,
278 897 318 935 noli
332 909 404 936 vexare
418 898 481 936 illum.
513 902 538 936 50
553 898 610 936 lesus
626 904 691 936 autem
706 898 774 936 audito
789 899 826 937 hoc
841 911 881 936 ser-

119 968 178 993 mone
195 954 246 992 dixit
260 955 313 1000 patri
327 954 399 1000 puellae
414 953 461 992 Noti
477 955 556 992 timere:
576 959 653 992 tantum
669 954 732 1001 credeq
756 960 776 993 55
798 954 880 993 salvabi-

119 1017 158 1051 tur.
190 1015 215 1048 51
238 1010 286 1049 cnm
302 1011 389 1048 venisset
404 1016 469 1048 autem
485 1011 505 1048 in
521 1011 605 1059 domum,
631 1024 670 1049 non
691 1011 783 1059 permisit
796 1011 880 1049 introire

117 1080 184 1107 secum
200 1079 316 1114 quemquam
332 1067 371 1105 nisi
378 1066 461 1105 Petrum
477 1074 496 1105 et
504 1066 612 1106 Iohannem
627 1072 648 1105 et
659 1066 753 1106 Iacobum
768 1073 789 1106 et
803 1073 880 1114 patrem

109 1130 140 1162 ’55
153 1130 236 1162 matrem
251 1123 329 1170 puellae.
360 1128 387 1162 52
403 1123 488 1162 Flebant
502 1130 568 1162 autem
583 1136 649 1162 omnes
662 1130 683 1162 et
697 1123 815 1171 plangebam
829 1137 878 1162 eam.

117 1179 447 1227 15555155(11515115115511515
474 1186 559 1218 nonest
583 1180 635 1218 enim
659 1185 737 1219 mortua
761 1180 827 1227 puella
845 1181 880 1218 sed

117 1238 196 1275 dormit.
229 1241 254 1275 55
280 1236 394 1275 1151155555-
416 1241 482 1275 autem
497 1250 548 1285 eum,
571 1237 656 1275 scientes
676 1237 722 1282 quia
736 1243 814 1275 mortua
829 1243 877 1277 erat.

117 1296 145 1332 54
160 1293 207 1341 Ipse
222 1306 269 1331 vere
285 1294 407 1340 apprehensa
421 1306 480 1331 manu
495 1294 538 1331 eius
549 1293 640 1332 clamavit
648 1293 714 1331 dicens
722 1293 798 1344 Puella,
814 1307 878 1340 surge.

117 1355 143 1389 55
160 1350 188 1388 Et
203 1363 294 1388 reversus
311 1357 341 1388 555
356 1351 438 1398 spiritus
454 1351 503 1401 eius,
519 1356 539 1388 et
554 1351 641 1388 surrexit
652 1351 756 1390 continuo:
773 1356 793 1388 55
807 1364 879 1397 praece-

117 1407 148 1454 pit
162 1406 192 1445 1111
208 1407 250 1444 dari
265 1406 389 1444 manducare.
421 1411 447 1445 55
473 1406 569 1445 Parentes
585 1413 650 1445 autem
666 1407 708 1444 eius
724 1406 877 1458 obstupuerunt3

114 1464 186 1511 quibus
202 1464 299 1510 praecepit
313 1469 336 1501 ut
351 1463 425 1501 nemini
441 1463 529 1501 dicerent
544 1463 596 1509 quod
611 1469 654 1501 erat
669 1463 749 1503 factum.

173 1520 213 1558 IX.
237 1525 246 1557 1
265 1519 382 1558 Convocatis
393 1525 459 1558 autem
474 1519 531 1558 Iesus
541 1519 586 1557 ΧΠ
596 1519 690 1566 apostolis
702 1519 757 1558 dedit
766 1520 806 1558 11115
816 1520 879 1558 virtu·

114 1583 155 1614 tem
166 1581 186 1614 ct
196 1582 316 1622 potestatem
327 1589 387 1622 super
399 1577 464 1614 omnia
474 1576 571 1614 daemonia
583 1582 604 1614 55
613 1576 736 1614 valetudines
749 1588 823 1626 curare,
836 1582 879 1614 255

114 1634 169 1672 misit
187 1632 230 1671 iilos
246 1632 355 1679 praedicare
369 1645 453 1681 regnum
469 1632 500 1670 dei
516 1638 536 1671 et
551 1646 620 1670 sanare
635 1633 729 1682 infirmos,
747 1637 757 1671 3
775 1638 795 1670 et
810 1634 839 1671 ait
853 1633 879 1671 ad

114 1689 225 1729 eosNichii
236 1689 323 1728 tuleritis
338 1690 358 1727 in
368 1690 427 1741 viam³
443 1703 482 1728 non
496 1690 577 1741 virgam,
593 1703 632 1728 non
647 1703 720 1739 peram,
735 1703 798 1737 neque
810 1685 878 1728 551515-

115 1752 187 1796 menta‚
208 1760 246 1784 non
256 1759 332 1800 panem,
345 1758 408 1796 neque
418 1747 528 1796 pecuniam,
539 1759 602 1792 neque
614 1747 661 1784 duas
672 1748 749 1784 tunicas
759 1746 877 1795 habueritis,

116 1807 129 1842 4
153 1809 173 1841 et
193 1803 214 1841 in
229 1814 363 1851 quamcunque
384 1803 462 1842 domum
482 1803 606 1852 introieritis,
632 1802 673 1840 11115
692 1809 769 1842 manete
793 1809 813 1842 et
832 1802 878 1841 inde

115 1874 140 1899 ne
155 1860 312 1907 proficiscamini.
345 1865 355 1897 5
378 1859 406 1897 Et
421 1860 532 1906 quicunque
547 1873 582 1898 vos
604 1873 643 1897 non
665 1861 782 1907 receperint,
808 1874 879 1898 exeun-

116 1924 147 1955 tes
163 1917 187 1955 de
203 1918 283 1955 civitate
298 1916 340 1967 illa,
356 1917 443 1955 excutite
458 1916 560 1963 pulverem
573 1915 646 1962 pedum
660 1921 772 1954 vestrorum
786 1917 807 1954 in
822 1917 878 1955 testi-

116 1973 203 2012 monium
219 1985 279 2019 super
294 1985 333 2022 eos,
366 1973 495 2011 tExeuntes
510 1973 571 2020 igitur
586 1972 696 2011 circuibant
718 1973 799 2011 castella
818 1979 838 2011 et
853 1974 879 2011 ci·

116 2031 189 2068 vitates
213 2029 368 2077 evangelizantes
394 2036 415 2068 et
439 2035 530 2068 curantes
552 2029 631 2076 ubique.
663 2029 675 2070 7
705 2030 790 2068 Audiuit
812 2036 878 2068 autem

115 2087 207 2126 Herodes
222 2086 323 2125 tetrarcha
338 2087 402 2125 omnia
418 2099 462 2133 quae
477 2086 575 2126 faciebant
590 2086 614 2125 ab
630 2100 659 2133 eo,
676 2091 697 2125 et
706 2086 813 2126 haesitabat
821 2100 879 2134 prop·

115 2151 171 2183 terea
187 2143 240 2192 quod
255 2144 356 2182 diceretur
387 2148 397 2181 8
421 2158 433 2182 a
456 2144 572 2191 quibusdam
589 2141 641 2189 Quia
655 2143 753 2183 Iohannes
769 2158 780 2182 a
794 2144 878 2182 mortuis

115 2202 232 2250 resurrexit,
256 2214 267 2238 a
288 2201 405 2247 quibusdam
428 2208 493 2240 autem
510 2199 561 2247 Quia
575 2201 645 2239 Helias
661 2202 759 2249 apparuit,
785 2201 809 2240 ab
834 2201 878 2240 aliis

115 2273 162 2298 vero
179 2257 237 2304 Quod
251 2258 349 2304 propheta
366 2271 417 2297 unus
434 2258 457 2296 de
473 2258 559 2305 antiquis
581 2260 696 2298 resurrexit.
727 2257 740 2298 9
770 2258 828 2297 Dixit
844 2271 877 2296 au-

115 2323 156 2354 tem
171 2315 262 2354 Herodes
277 2315 386 2353 Iohannem
401 2329 436 2362 ego
453 2315 557 2354 decollavi:
574 2315 617 2361 quis
633 2321 664 2354 est
678 2316 711 2354 hic
727 2315 750 2353 de
766 2327 804 2361 quc
820 2314 877 2354 audio

115 2387 151 2420 ego
167 2373 229 2411 talia?
259 2372 287 2410 Et
302 2373 404 2419 quaerebat
418 2373 486 2411 videre
505 2386 557 2414 eum.
589 2377 613 2410 10
644 2372 672 2411 Et
696 2372 771 2411 reversi
795 2371 878 2418 apostoli

114 2434 258 2469 enarraverunt
273 2429 291 2467 51
307 2436 380 2475 quanta
394 2430 491 2471 fecerunt:
509 2436 529 2468 et
544 2430 650 2477 assumptis
665 2429 704 2467 11115
713 2430 794 2468 secessit
801 2435 877 2468 secreto

115 2488 136 2526 in
151 2487 215 2525 locum
232 2487 332 2525 desertum
347 2486 399 2532 quod
414 2493 445 2525 est
459 2487 574 2526 Bethsaida.
607 2490 630 2525 11
663 2485 735 2525 Turbae
755 2491 821 2525 autem
843 2486 878 2526 ubi

115 2550 249 2592 cognoverunt
264 2550 339 2582 secutae
354 2549 401 2583 sunt
416 2557 459 2582 eum
476 2550 496 2583 et
511 2545 590 2592 excepit
605 2557 645 2593 eos,
671 2549 692 2582 et
706 2543 823 2591 loquebatur
838 2543 878 2583 11115

116 2602 139 2639 (15
155 2615 214 2649 regno
230 2601 268 2648 dei,
285 2607 305 2640 55
320 2614 353 2640 555
369 2603 403 2649 qui
417 2601 531 2650 indigebant
545 2614 593 2641 eura
607 2601 694 2640 curabat.
713 2605 738 2639 12
754 2600 804 2655 Cum
812 2608 878 2642 autem

114 2659 213 2706 coepisset
233 2659 331 2698 declinare
351 2658 393 2697 dies
413 2665 538 2699 accesserunt
561 2657 652 2706 discipuli
672 2659 714 2697 eius
729 2658 774 2697 XII
789 2665 810 2697 et
825 2660 879 2700 dixe-
