1869 2914
115 62 139 96 10
458 54 492 89 113.
506 63 541 89 sec.
791 51 810 87 (1.
823 55 840 87 8.
853 52 870 86 9.

112 181 242 218 monumentis
257 184 358 228 exeuntes,
374 180 480 226 periculosi
494 178 558 228 nimis,
574 179 604 216 ita
618 184 641 217 ut
648 193 705 218 nemo
712 184 779 227 posset
787 180 871 217 transire

112 251 148 283 per
162 237 215 274 11133
229 237 287 274 viam.
304 240 330 274 29
346 236 373 274 Et
389 237 547 275 exclamaverunt
562 235 649 274 dicentes
659 235 712 283 Quid
720 236 775 276 nobis
792 241 812 274 et
827 236 870 285 tibi,

112 293 159 331 1333
173 294 201 331 fili
216 293 262 332 dei?
284 293 331 340 quid
345 294 418 332 3331331
435 294 474 332 huo
496 299 542 331 ante
557 297 635 339 tempus
658 300 750 340 torquere
770 295 820 332 nos?
845 296 870 331 30

112 350 162 388 Erat
176 354 242 389 autem
257 364 295 389 non
310 349 366 397 longe
381 350 404 389 ab
424 351 452 388 313
467 363 515 398 grex
538 362 642 396 porcorum
664 351 770 389 multorum
793 363 872 397 pascen-

112 408 170 447 3133,
188 412 212 446 31
229 408 333 446 Daemones
349 412 414 445 autem
429 407 524 454 rogabant
546 420 589 444 eum
605 407 692 446 dicentes
708 407 730 446 Si
751 408 805 446 elicis
828 419 870 453 nos,

112 465 169 502 mitte
184 478 219 502 nes
242 466 261 502 in
276 476 354 511 gregem
371 477 481 510 porcorum.
506 468 532 502 32
552 463 580 502 Et
595 464 624 501 ait
638 464 677 502 illis
693 464 750 503 Iesus
771 461 810 504 Ite.
841 462 871 501 At

112 521 142 559 illi
157 527 250 560 exeuntes
266 520 357 559 abierunt
372 521 482 570 invporcos,
500 528 520 559 et
535 532 579 559 ecce
595 534 663 568 magne
686 521 762 568 impetu
777 520 827 559 abiit
842 526 870 558 to-

113 584 145 616 tus
155 591 203 625 grex
212 578 338 624 praecipitans
354 590 374 616 se
387 578 406 615 in
422 592 481 624 marc,
496 584 516 616 et
531 577 604 616 mortui
619 584 665 616 sunt
680 578 699 616 13
716 578 778 624 aquis.
796 581 820 615 33
837 576 870 615 1111

113 641 178 672 33333
197 636 230 680 qui
253 647 286 672 ecs
308 633 415 681 pascebant
435 636 534 684 fugerunt,
560 641 580 673 et
601 635 702 673 venientes
724 636 745 672 in
770 634 870 673 civitatem

112 692 255 730 nunciaverunt
274 691 338 729 omnia
359 692 418 730 etde
439 692 470 730 his
492 693 525 738 qui
548 692 644 730 daemonia
666 691 770 730 habebant.
795 693 821 728 34
842 690 870 729 113

112 761 156 787 3333
172 755 215 787 3333
230 748 299 787 3131333
315 749 364 786 exiit
379 749 455 788 obviam
471 748 523 798 lesu,
540 755 560 787 et
575 749 616 787 3133
633 762 655 787 33
671 748 765 795 rogabant
780 754 803 786 ut
818 753 869 785 tran·

113 806 161 844 siret
177 819 188 843 a
202 806 272 845 finibus
288 819 361 844 33333.

160 859 195 904 IX.
229 867 237 900 1
258 861 286 900 Et
301 861 406 901 ascendens
422 863 442 900 in
458 862 567 901 naviculam
582 862 725 912 transfretavit,
745 868 765 900 33
779 858 834 901 33313
849 861 869 899 13

113 920 214 958 civitatem
229 932 289 957 suam
314 923 325 956 2
348 919 376 956 113
391 932 435 958 3333
451 919 565 958 obtulerunt
581 920 598 956 ei
620 919 750 966 paralyticum
773 919 869 956 iacentem

113 976 132 1013 in
148 975 209 1015 lecto:
226 982 246 1013 33
260 976 328 1013 videns
343 976 400 1013 13333
420 976 478 1013 fidem
493 976 570 1014 illorum
594 975 644 1013 dixit
665 975 773 1022 paralytice
790 973 869 1013 Ocnfide

112 1032 145 1079 fili,
169 1033 250 1070 remissa
273 1037 319 1069 sunt
334 1032 370 1071 tibi
384 1038 465 1078 peccata
480 1037 520 1070 tua.
545 1038 555 1069 3
573 1029 657 1076 Quidam
678 1037 743 1070 autem
760 1031 868 1069 describis

112 1089 204 1127 (11333333
219 1089 272 1126 13333
287 1102 307 1126 33
322 1088 362 1127 Η13
379 1088 507 1135 blasphemat.
532 1091 544 1126 4
567 1088 653 1127 Etcum
668 1088 751 1127 vidisset
766 1088 823 1126 Iesus
839 1100 868 1126 33-

112 1146 218 1191 gitacicnes
234 1158 306 1191 eorum¹
331 1145 382 1183 dixit
397 1147 425 1184 eis
440 1145 469 1184 Ut
484 1145 531 1191 quid
554 1146 645 1192 cogitatis
660 1145 712 1183 mala
733 1146 754 1183 in
776 1144 868 1183 cordibus

112 1203 198 1240 vestris?
215 1206 225 1239 5
244 1200 296 1247 Quid
312 1202 441 1253 333133111331
461 1202 525 1240 dicere
540 1202 631 1240 Remissa
653 1207 699 1240 sunt
721 1202 758 1241 tibi
780 1208 866 1251 peccata,

112 1266 147 1296 tua
163 1266 197 1296 ant
212 1259 276 1296 dicere
293 1259 354 1305 Surge
371 1265 391 1296 33
407 1259 497 1296 ambula?
521 1263 532 1296 t
555 1259 585 1297 Ut
600 1260 667 1296 sciatis
690 1264 756 1296 33333
777 1259 868 1304 quoniam

112 1316 163 1353 filius
179 1316 263 1354 hominis
278 1315 338 1353 habet
352 1319 471 1362 potestatem
486 1315 506 1352 in
521 1321 574 1353 terra
593 1315 704 1353 dimittendi
719 1321 805 1362 peccata,
821 1322 868 1353 tnnc

113 1373 141 1410 ait
155 1371 262 1418 paralytico
278 1371 346 1422 Surge,
362 1372 409 1410 33113
423 1372 496 1410 133333
511 1378 567 1410 3333
582 1379 603 1409 33
616 1372 666 1411 vade
680 1374 701 1411 in
714 1372 792 1410 domum
807 1379 866 1411 tuam.

113 1428 168 1466 7113
183 1430 269 1467 surrexit
284 1435 304 1466 et
319 1429 369 1467 abiit
383 1430 404 1466 in
419 1429 497 1467 domum
512 1442 573 1467 suam.
597 1433 607 1466 8
629 1429 673 1467 Hoc
693 1429 735 1467 3133
757 1429 821 1468 turbae
844 1429 868 1467 ti·

110 1492 204 1523 muerunt
219 1492 239 1523 et
253 1486 431 1523 honorificaverunt
445 1486 503 1523 deum
519 1486 564 1531 quia
581 1491 656 1523 tantam
675 1486 729 1523 dedit
749 1490 868 1531 potestatem

111 1542 229 1580 hominibus.
254 1547 264 1579 3
281 1542 309 1579 m.
324 1555 367 1579 333
383 1542 477 1580 transiret
492 1543 537 1579 inde
552 1542 614 1591 Iesus,
631 1542 786 1580 vidithominem
801 1542 868 1580 seden-

111 1605 151 1636 tem
167 1599 191 1636 ad
206 1599 310 1648 teloneum¹
327 1599 403 1637 333133
413 1599 540 1649 lllatthaeum7
556 1604 576 1636 33
591 1600 619 1636 313
634 1599 663 1636 illi
671 1598 757 1645 Sequere
772 1611 809 1637 me.
840 1598 868 1636 113

111 1669 192 1702 surgens
209 1661 288 1693 secutus
303 1662 334 1693 cst
349 1669 398 1693 cnm.
424 1659 449 1693 10
472 1655 500 1693 Et
515 1656 589 1693 factum
604 1663 635 1694 est
656 1656 781 1695 recumbente
802 1668 824 1693 33
847 1655 867 1693 13

111 1713 174 1763 domo!
191 1724 235 1750 3333
250 1712 307 1750 33131
321 1712 422 1758 publicani
437 1718 457 1749 ct
471 1718 573 1758 pecatores
588 1719 684 1750 venerunt
699 1718 719 1750 et
729 1711 868 1751 recumbebant

111 1781 154 1806 cum
169 1768 216 1806 Iesu
231 1775 252 1806 et
267 1769 368 1815 discipulis
384 1770 431 1807 eius.
458 1773 480 1808 11
502 1769 530 1806 Et
549 1769 639 1807 ridentes
654 1769 752 1807 Pharisaei
776 1769 868 1807 dicebant

111 1826 213 1871 discipulis
229 1826 270 1863 eius
287 1824 352 1870 Quare
367 1827 460 1872 magister
474 1831 540 1863 uester
556 1839 599 1863 cum
614 1826 722 1872 publicanis
743 1831 763 1862 et
777 1831 866 1871 peccato·

111 1882 165 1919 ribus
180 1882 299 1919 manducat?
326 1886 351 1919 12
368 1882 397 1919 At
411 1881 467 1919 Iesus
483 1883 563 1919 audiens
587 1883 615 1920 313
630 1881 675 1920 Non
691 1888 721 1919 333
743 1894 791 1928 opus
815 1875 867 1920 sanis

111 1938 197 1976 medicus
213 1939 247 1975 sed
263 1938 312 1975 male
327 1938 450 1977 habentibus.
477 1942 500 1976 13
517 1938 593 1977 1133333
609 1944 675 1977 33333
691 1938 761 1976 discite
774 1938 821 1984 quid
837 1944 867 1976 est

111 1995 267 2033 Misericordiam
282 1994 325 2033 3313
341 2001 362 2032 33
377 2007 415 2032 333
437 1995 559 2033 sacrifitium.
589 1995 635 2033 Non
657 1996 709 2033 enim
730 1995 775 2034 3331
797 2008 866 2033 333333

111 2052 174 2089 133333
190 2051 224 2089 scd
238 2057 351 2097 peccatores
366 2051 386 2088 in
401 2051 544 2097 paeniteuciam.
571 2054 595 2089 14
619 2052 673 2090 Tunc
696 2056 820 2090 accesserunt
843 2051 867 2089 ad

110 2121 155 2145 333
171 2108 261 2153 discipuli
277 2107 369 2146 [ohannis
386 2106 450 2153 Quare
466 2121 501 2146 nos
514 2113 534 2146 et
547 2108 646 2147 Pharisaei
660 2109 769 2147 ieiunemus
778 2109 867 2154 frequen·

111 2171 148 2213 ter,
165 2165 256 2210 discipuli
275 2170 340 2203 33333
363 2165 393 2202 331
415 2177 453 2203 333
474 2165 576 2203 ieiunant?
601 2169 625 2204 15
649 2164 677 2204 Et
700 2166 727 2203 313
748 2165 787 2204 11113
809 2164 866 2204 Iesus

110 2221 205 2266 Nunquid
220 2227 303 2266 pessunt
322 2221 357 2258 filii
372 2221 439 2266 sponsi
454 2222 541 2259 ieiunare
549 2222 636 2268 quandiu
651 2235 694 2260 333
709 2222 748 2260 11113
765 2228 795 2260 333
811 2235 865 2268 spon-

111 2280 156 2316 sus?
186 2277 273 2316 Venient
288 2283 353 2315 autem
369 2277 410 2315 dies
426 2291 469 2316 cum
485 2279 585 2317 auferetur
601 2279 624 2318 ab
640 2280 668 2317 eis
685 2292 774 2327 sponsus,
791 2284 866 2316 333333

109 2334 226 2372 ieiunabunt
235 2335 256 2372 in
266 2334 305 2372 illis
317 2334 390 2373 diebus.
413 2339 436 2372 tt
453 2335 515 2373 Nemo
527 2343 593 2373 autem
603 2336 710 2374 committit
719 2336 867 2373 commissuram

110 2390 169 2436 panni
179 2390 234 2428 rudis
244 2391 264 2428 13
279 2391 417 2429 vestimentum
427 2398 494 2431 vetus:
516 2392 567 2430 tollit
578 2393 629 2430 enim
643 2392 779 2430 fortitudinem
795 2391 837 2429 eius
855 2405 866 2429 a

110 2447 304 2497 3333133333333331,
317 2454 336 2485 et
343 2448 398 2494 peior
406 2448 429 2485 fit
436 2449 526 2488 scissura.
545 2450 569 2487 li
586 2448 656 2495 Neque
664 2449 747 2486 mittunt
757 2449 824 2487 vinum
834 2461 866 2486 33-

109 2517 155 2541 333
166 2504 186 2541 13
195 2510 250 2542 33333
261 2510 347 2544 veteres:
360 2504 446 2552 alioquin
455 2511 571 2552 rumpentur
580 2510 642 2554 utr'es⁷
651 2513 672 2542 et
681 2505 747 2542 vinnm
756 2504 867 2544 effundetur

110 2569 130 2599 et
144 2567 199 2599 utres
214 2560 318 2612 peribunt3
335 2561 369 2599 sed
383 2562 449 2599 31333
465 2576 536 2601 33333
551 2563 571 2601 13
586 2569 641 2601 utres
656 2575 716 2600 33333
732 2562 819 2611 mittunt,
846 2568 866 2601 et

110 2618 166 2656 ambo
181 2624 312 2657 33333333333,
339 2622 362 2656 is
386 2619 437 2657 Haec
452 2619 485 2658 illo
500 2620 592 2667 loquente
608 2619 632 2657 ad
652 2632 692 2669 333,
716 2632 759 2657 3333
774 2620 865 2666 princeps

109 2687 160 2713 unus
176 2672 260 2714 accessit
274 2682 295 2713 33
310 2675 400 2714 adoravit
415 2689 458 2714 eum
474 2676 540 2715 dicens
555 2676 608 2715 Filia
630 2689 673 2714 mea
695 2676 751 2714 modo
773 2676 866 2715 defuncta

108 2738 150 2769 est:
167 2732 261 2770 33313331
277 2733 353 2779 impone
369 2746 446 2771 manum
462 2747 521 2780 super
543 2747 592 2783 eam7
615 2741 635 2771 et
654 2733 714 2772 31333.
735 2733 762 2771 Et
784 2745 865 2780 surgens
