1869 2914
108 50 134 88 72
434 45 471 82 111.
483 57 521 82 333.
786 48 805 84 Ο.
818 47 836 85 4.
849 47 868 84 5.

105 174 174 212 multae
189 174 255 213 viduae
270 174 352 212 fuerunt
366 175 386 212 in
402 173 471 212 diebus
482 172 548 212 Heliae
566 175 587 213 in
602 174 670 225 Israel,
687 175 763 223 quando
779 174 866 214 clausum

107 230 580 280 3333331111311111331111113331313131311,
605 245 649 269 cum
674 232 727 270 facta
751 237 782 270 cst
804 233 868 270 fames

106 301 176 335 magua
190 288 211 326 in
227 289 279 327 omni
295 293 353 338 terra,
370 292 396 326 26
413 291 433 326 33
448 287 473 325 ad
487 287 653 332 nullamillarum
669 289 740 328 11133113
756 294 787 327 est
796 288 868 328 Helias

106 345 145 383 1131
170 345 191 382 11
206 344 290 392 Sarepta
305 344 392 383 Sidoniae
417 343 442 382 ad
464 344 566 383 mulierem
588 345 673 383 viduam.
705 347 731 385 27
761 345 789 384 113
809 346 868 385 multi

106 401 179 448 leprosi
194 408 251 440 eraut
265 403 285 439 in
300 401 363 439 Israel
378 401 414 440 sub
423 400 512 439 Helisaeo
520 402 622 448 propheta,
639 414 659 439 et
669 416 725 441 nemo
736 416 803 441 eorum
813 417 868 441 mun·

107 458 165 496 datus
181 465 212 497 est
226 459 265 497 nisi
279 458 368 496 Naaman
383 457 452 504 Syrus.
482 462 510 496 -28
528 458 557 496 Et
571 459 643 504 repleti
658 465 705 497 sunt
720 473 786 498 omnes
801 460 822 497 in
837 473 869 505 sy-

107 528 182 564 nagoga
197 515 298 554 iracundia
312 515 355 553 haec
371 515 473 553 audientes
496 519 522 553 29
539 520 560 553 33
574 521 703 554 surrexerunt
725 521 746 555 et
767 516 871 555 eiecerunt

106 572 163 610 illum
178 579 233 610 extra
248 572 356 622 civitatem,
371 577 392 609 et
400 572 499 609 duxerunt
508 572 564 610 illum
572 585 630 618 super
638 572 705 610 cilium
713 573 793 623 montis,
808 586 869 620 supra

107 641 163 676 quem
187 629 257 667 civitas
284 634 326 666 erat
351 628 448 667 aedificata
472 628 566 678 ipsorum,
590 632 613 666 ut
639 630 788 676 praecipitarent
813 641 869 668 eum:

108 690 133 724 30
164 685 210 732 Ipse
226 691 292 723 autem
307 686 400 724 transivit
416 698 452 732 per
466 685 552 723 medium
567 686 654 732 ipsorum
669 691 690 724 et
704 686 752 725 ibat.
784 691 809 724 31
840 686 868 724 Et

107 742 209 780 descendit
239 740 375 788 Sapharnaum
407 741 507 780 civitatem
537 741 631 790 Galilaeae,
667 748 688 780 et
713 742 795 781 docebat
822 742 867 781 illos

107 798 204 837 sabbatis:
222 803 247 837 32
264 804 285 836 33
300 799 406 845 stupebant
420 799 441 836 in
456 798 546 836 doctrina
562 800 611 848 eius,
627 799 672 844 quia
687 800 708 837 in
715 805 814 846 potestate
826 805 868 838 erat

108 869 171 894 sermo
186 856 256 902 ipsius.
288 860 312 894 33
338 855 366 893 Et
381 856 402 893 in
417 868 513 902 synagoga
529 861 571 893 erat
585 856 643 893 homo
659 855 734 894 habens
750 856 868 895 daemonium

107 913 236 963 immundum,
259 917 280 950 et
294 912 411 950 exclamavit
433 923 481 950 voce
503 926 573 959 magna
603 915 628 949 34
652 912 719 951 dicens
742 911 795 959 Quid
811 913 871 952 nobis

108 975 129 1007 et
143 969 180 1007 tibi
196 980 227 1006 est
240 967 288 1006 Iesu
302 969 419 1006 Nazarene?
444 974 468 1006 ut
483 969 530 1013 quid
544 968 618 1006 venisti
633 975 678 1006 ante
693 975 770 1015 tempus
786 970 870 1015 perdere

107 1027 157 1064 nos?
172 1026 212 1063 scio
228 1031 248 1063 tc
264 1025 298 1070 qui
313 1025 346 1074 sis,
363 1030 442 1063 sauctus
458 1024 490 1062 dei
504 1024 563 1064 filius.
595 1029 620 1062 35
646 1024 674 1062 Et
689 1026 799 1072 increpavit
813 1026 869 1065 illum

106 1081 163 1120 Iesus
180 1082 245 1120 dicens
262 1080 387 1120 Ommutesce
403 1085 424 1120 et
438 1081 470 1119 exi
486 1081 565 1120 abillo.
596 1080 624 1118 Et
644 1092 687 1119 cum
702 1082 808 1129 proiiciens
823 1096 870 1121 311111

108 1139 226 1177 daemonium
240 1140 261 1177 in
276 1138 369 1189 medium,
385 1138 435 1176 exiit
450 1138 473 1177 ab
489 1151 512 1176 eo
522 1138 622 1185 nichilque
638 1138 692 1176 illum
708 1139 781 1179 nocuit.
799 1144 824 1178 36
840 1139 869 1178 Et

107 1196 172 1234 factus
188 1202 218 1234 est
232 1208 294 1242 pavor
308 1196 329 1232 iu
344 1195 441 1244 omuibus,
457 1203 477 1232 et
492 1195 652 1240 colloquebantur
667 1196 692 1232 ad
706 1196 790 1235 invicem
805 1197 869 1235 dicen-

108 1258 138 1291 tes
155 1250 204 1297 Quis
220 1259 251 1290 est
265 1252 305 1289 iste
326 1265 389 1290 sermo
405 1251 458 1299 quod
478 1251 500 1289 in
521 1256 620 1297 potestate
646 1256 666 1288 et
687 1252 762 1290 virtute
783 1253 869 1299 imperat

108 1309 214 1347 immundis
229 1308 332 1355 spiritibus
348 1314 368 1346 et
383 1310 470 1347 exeunt?
486 1308 517 1359 Ι37
533 1308 562 1345 Et
577 1307 714 1354 divulgabatur
728 1309 781 1347 fama
796 1310 820 1347 de
835 1310 872 1348 illo
902 1316 904 1319 '

107 1366 128 1403 in
143 1379 218 1403 omnem
234 1366 299 1403 locum
313 1366 404 1412 regionis.
436 1368 461 1402 38
479 1364 565 1411 Surgens
581 1374 646 1401 autem
662 1364 685 1402 de
701 1379 798 1413 synagoga
809 1367 870 1404 intra-

107 1423 137 1461 113
152 1423 172 1460 11
188 1417 266 1460 domuin
282 1421 367 1460 Simonis
383 1425 402 1460 et
418 1421 511 1459 Andreae.
542 1420 615 1459 Scarus
634 1426 700 1459 autem
715 1421 800 1461 Simonis
816 1429 870 1461 tene-

108 1484 142 1517 tur
156 1479 231 1525 magnis
246 1478 341 1529 febribus,
357 1482 377 1516 33
392 1483 510 1524 rogaverunt
525 1477 580 1515 illum
595 1490 631 1523 pro
647 1477 687 1515 1113,
719 1482 743 1517 39
770 1478 798 1517 Et
813 1485 868 1518 stans

109 1549 168 1582 super
183 1535 236 1573 illam
251 1535 356 1581 imperavit
370 1535 427 1583 febri,
444 1540 464 1571 et
473 1534 548 1571 dimisit
563 1534 626 1571 illam:
643 1539 663 1570 et
678 1535 771 1573 continuo
781 1537 871 1574 surrexit.

109 1598 130 1631 33
144 1592 269 1631 ministrabat
284 1591 329 1630 illis.
347 1594 373 1630 40
390 1590 440 1630 (lum
455 1590 484 1629 sol
499 1596 565 1628 autem
580 1590 691 1641 occidisset,
707 1605 774 1630 omnes
789 1593 873 1638 quicun-

109 1662 146 1695 que
161 1649 260 1687 habebant
275 1648 361 1686 infirmos
372 1649 432 1686 variis
447 1647 572 1694 languoribus
588 1646 711 1685 adducebant
725 1648 769 1687 illos
780 1649 805 1687 ad
813 1663 856 1687 eum
863 1660 870 1687 τ’
913 1656 915 1659 “

108 1711 129 1743 33
144 1705 177 1743 1113
192 1704 274 1753 siugulis
289 1718 358 1743 manus
373 1705 468 1751 inponens
484 1705 565 1742 curabat
580 1716 620 1742 eos.
651 1705 676 1741 41
705 1704 794 1744 1111111313
809 1706 871 1744 etiam:

108 1763 205 1801 daemonia
221 1777 232 1800 a
245 1762 312 1800 multis
328 1762 434 1800 clamancia
449 1766 469 1799 et
484 1761 571 1799 dicentia
586 1760 617 1797 Tu
633 1774 653 1798 es
668 1761 719 1799 filius
735 1763 779 1801 dei:
803 1769 824 1801 et
838 1764 869 1801 in-

108 1831 189 1865 crepans
205 1833 228 1857 ea
242 1832 281 1856 non
296 1818 374 1856 sinebat
388 1831 411 1856 ea
426 1817 489 1863 loqui:
516 1818 562 1862 quia
578 1816 666 1854 sciebant
680 1817 744 1862 ipsum
761 1831 804 1856 esse
813 1818 868 1858 01111-

108 1882 167 1914 stum.
197 1878 224 1913 42
240 1875 302 1913 Facta
317 1881 383 1912 autem
398 1874 430 1912 die
445 1886 535 1920 egressus
546 1873 595 1925 abiit
609 1873 630 1910 in
646 1873 747 1913 desertum
761 1874 832 1926 locum,
848 1881 869 1914 et

107 1933 173 1971 turbae
187 1931 315 1977 requirebant
329 1943 384 1971 eum:
400 1937 421 1968 33
434 1935 531 1967 venerunt
545 1942 607 1975 usque
622 1929 647 1966 ad
661 1929 744 1979 ipsum,
758 1937 779 1969 et·
798 1934 871 1970 retinc-

108 1988 156 2027 bant
171 1988 226 2026 illum
241 2000 265 2026 ne
281 1986 305 2026 ab
321 1987 349 2025 eis
365 1985 480 2026 discederet.
510 1989 536 2024 43
564 1983 639 2031 Quibus
661 1985 693 2024 ille
715 1988 749 2028 ait.
781 1987 810 2027 Et
825 1989 870 2027 aliis

109 2045 223 2084 civitatibus
238 2049 317 2091 oportet
331 2057 362 2082 me
377 2043 509 2090 evangelizare
524 2056 605 2090 reguum
620 2042 658 2092 dei,
675 2044 721 2091 quia
735 2045 780 2084 ideo
796 2046 872 2085 missus

109 2116 158 2142 sum.
190 2105 217 2140 44
233 2102 260 2139 113
275 2107 319 2138 3133
333 2101 442 2147 praedicans
458 2100 477 2137 11
493 2101 595 2147 synagogis
612 2097 707 2139 Galilaeae.

166 2157 189 2202 V.
223 2158 331 2196 lFactum
347 2164 378 2196 est
392 2163 458 2195 autem
473 2170 517 2195 cum
532 2157 596 2195 turbae
618 2157 717 2196 irruerent
738 2159 759 2196 iu
781 2172 826 2196 eum
848 2165 870 2197 et

108 2217 214 2255 audierunt
228 2214 310 2254 verbum
333 2214 370 2264 dei,
394 2220 415 2252 33
429 2214 471 2259 ipse
486 2219 540 2251 stans
556 2226 612 2252 secus
628 2219 717 2260 stagnum
733 2214 870 2254 Genesareth:

109 2279 121 2312 2
136 2274 188 2312 vidit
203 2273 252 2311 duas
267 2283 326 2309 naves
342 2276 395 2309 stare
410 2283 466 2308 secus
481 2276 577 2320 stagnum,
593 2270 701 2316 piscat-orca
717 2277 783 2309 autem
791 2272 870 2310 descen·

109 2332 179 2369 derant
194 2342 218 2368 ex
233 2329 282 2376 ipsis
298 2334 319 2365 et
333 2327 424 2366 lavabant
439 2327 496 2364 retia.
528 2332 537 2365 3
564 2327 679 2365 Ascendeus
695 2334 761 2366 autem
775 2328 796 2365 in
810 2342 870 2368 unam

108 2401 177 2426 navem
193 2398 236 2434 quae
252 2391 295 2423 erat
303 2384 395 2434 Simonis,
411 2383 463 2429 dixit
476 2383 516 2422 illis
531 2390 554 2422 ut
569 2384 663 2422 ducerent
678 2398 689 2422 a
704 2391 757 2423 terra
772 2385 793 2422 in
801 2384 872 2438 altum,

109 2450 130 2483 et
144 2444 214 2483 sedens
230 2441 313 2481 docebat
328 2441 352 2479 de
367 2440 457 2480 navicula
471 2440 545 2479 turbas.
563 2444 575 2479 4
590 2440 619 2479 Ut
635 2442 720 2479 cessavit
727 2445 793 2480 autem
808 2441 871 2493 loqui,

109 2502 160 2539 dixit
175 2501 200 2539 ad
216 2499 315 2538 Simonem
331 2498 376 2536 Duc
391 2498 412 2536 in
427 2497 494 2546 altum,
510 2504 530 2536 et
545 2498 590 2536 laxa
604 2498 656 2535 retia
671 2503 705 2536 tua
722 2498 743 2536 in
762 2504 869 2545 capturam.

110 2563 120 2597 5
137 2558 265 2607 Respondeas
282 2555 333 2593 dixit
347 2555 376 2593 illi
392 2554 472 2595 Simon:
487 2554 609 2604 Praeceptor,
624 2567 660 2601 per
674 2560 737 2594 totam
752 2563 829 2595 noctem
843 2557 873 2595 la-

108 2615 201 2654 borantes
216 2612 277 2653 nichil
293 2613 391 2660 cepimus:
413 2612 483 2651 sedin
497 2612 608 2652 verbotuo
627 2611 697 2651 laxabo
719 2614 775 2652 retia.
808 2618 819 2653 3
842 2613 873 2652 113

110 2684 153 2710 cum
168 2672 206 2710 hcc
220 2672 315 2710 fecissent
330 2670 467 2708 concluserunt
485 2666 569 2716 piscium
594 2666 742 2708 multitudinem
765 2671 870 2718 copiosam,

108 2728 251 2776 rumpebantur
266 2733 332 2766 autem
347 2727 398 2765 retia
413 2739 485 2766 eorum.
511 2728 522 2765 7
538 2726 566 2765 Et
581 2732 692 2765 annuerunt
706 2728 764 2766 sociis
779 2728 821 2767 suis
837 2728 873 2776 qui
