<?xml version="1.0" encoding="UTF-8"?>
<!DOCTYPE html PUBLIC "-//W3C//DTD XHTML 1.0 Transitional//EN"
    "http://www.w3.org/TR/xhtml1/DTD/xhtml1-transitional.dtd">
<html xmlns="http://www.w3.org/1999/xhtml" xml:lang="en" lang="en">
 <head>
  <title>
</title>
<meta http-equiv="Content-Type" content="text/html;charset=utf-8" />
  <meta name='ocr-system' content='tesseract 3.04.00' />
  <meta name='ocr-capabilities' content='ocr_page ocr_carea ocr_par ocr_line ocrx_word'/>
</head>
<body>
  <div class='ocr_page' id='page_1' title='image "MN41417ucmf_6_0097.png"; bbox 0 0 1837 2928; ppageno 0'>
   <div class='ocr_carea' id='block_1_1' title="bbox 51 30 812 83">
    <p class='ocr_par' dir='ltr' id='par_1_1' title="bbox 51 30 812 83">
     <span class='ocr_line' id='line_1_1' title="bbox 51 30 812 83; baseline 0.003 -9"><span class='ocrx_word' id='word_1_1' title='bbox 51 37 74 74; x_wconf 76' lang='lat' dir='ltr'>O.</span> <span class='ocrx_word' id='word_1_2' title='bbox 87 40 103 73; x_wconf 84' lang='grc'>6.</span> <span class='ocrx_word' id='word_1_3' title='bbox 137 30 139 33; x_wconf 63' lang='grc'><strong>’</strong></span> <span class='ocrx_word' id='word_1_4' title='bbox 426 41 472 75; x_wconf 88' lang='lat' dir='ltr'>Luc.</span> <span class='ocrx_word' id='word_1_5' title='bbox 787 45 812 83; x_wconf 80' lang='lat'>75</span> 
     </span>
    </p>
   </div>
   <div class='ocr_carea' id='block_1_2' title="bbox 49 166 811 272">
    <p class='ocr_par' dir='ltr' id='par_1_2' title="bbox 49 166 811 272">
     <span class='ocr_line' id='line_1_2' title="bbox 49 166 811 221; baseline 0.005 -17"><span class='ocrx_word' id='word_1_6' title='bbox 49 166 157 206; x_wconf 82' lang='lat' dir='ltr'>immundis</span> <span class='ocrx_word' id='word_1_7' title='bbox 172 166 299 206; x_wconf 75' lang='lat' dir='ltr'>curabantur:</span> <span class='ocrx_word' id='word_1_8' title='bbox 318 170 343 205; x_wconf 80' lang='lat'>19</span> <span class='ocrx_word' id='word_1_9' title='bbox 360 172 381 205; x_wconf 89' lang='lat' dir='ltr'>et</span> <span class='ocrx_word' id='word_1_10' title='bbox 396 167 458 206; x_wconf 85' lang='lat' dir='ltr'>omnis</span> <span class='ocrx_word' id='word_1_11' title='bbox 473 166 532 207; x_wconf 89' lang='lat' dir='ltr'>turba</span> <span class='ocrx_word' id='word_1_12' title='bbox 547 167 649 214; x_wconf 86' lang='lat' dir='ltr'>quaerebat</span> <span class='ocrx_word' id='word_1_13' title='bbox 664 173 744 216; x_wconf 86' lang='lat' dir='ltr'>tangere</span> <span class='ocrx_word' id='word_1_14' title='bbox 759 182 811 221; x_wconf 80' lang='lat' dir='ltr'>eum,</span> 
     </span>
     <span class='ocr_line' id='line_1_3' title="bbox 52 223 811 272; baseline 0.005 -11"><span class='ocrx_word' id='word_1_15' title='bbox 52 229 73 261; x_wconf 88' lang='lat' dir='ltr'>et</span> <span class='ocrx_word' id='word_1_16' title='bbox 83 224 148 263; x_wconf 87' lang='lat' dir='ltr'>curari</span> <span class='ocrx_word' id='word_1_17' title='bbox 158 224 205 271; x_wconf 80' lang='lat' dir='ltr'>quia</span> <span class='ocrx_word' id='word_1_18' title='bbox 214 224 278 263; x_wconf 82' lang='lat' dir='ltr'>virtus</span> <span class='ocrx_word' id='word_1_19' title='bbox 290 223 314 263; x_wconf 93' lang='lat' dir='ltr'>ab</span> <span class='ocrx_word' id='word_1_20' title='bbox 325 237 347 262; x_wconf 92' lang='lat' dir='ltr'>eo</span> <span class='ocrx_word' id='word_1_21' title='bbox 358 223 425 264; x_wconf 82' lang='lat' dir='ltr'>exibat</span> <span class='ocrx_word' id='word_1_22' title='bbox 435 230 456 262; x_wconf 89' lang='lat' dir='ltr'>et</span> <span class='ocrx_word' id='word_1_23' title='bbox 464 224 546 264; x_wconf 88' lang='lat' dir='ltr'>sanabat</span> <span class='ocrx_word' id='word_1_24' title='bbox 556 236 628 264; x_wconf 86' lang='lat' dir='ltr'>omnes.</span> <span class='ocrx_word' id='word_1_25' title='bbox 645 229 671 263; x_wconf 86' lang='grc'>20</span> <span class='ocrx_word' id='word_1_26' title='bbox 687 225 733 272; x_wconf 86' lang='lat' dir='ltr'>Ipse</span> <span class='ocrx_word' id='word_1_27' title='bbox 745 232 811 265; x_wconf 89' lang='lat' dir='ltr'>autem</span> 
     </span>
    </p>
   </div>
   <div class='ocr_carea' id='block_1_3' title="bbox 51 280 811 330">
    <p class='ocr_par' dir='ltr' id='par_1_3' title="bbox 51 280 811 330">
     <span class='ocr_line' id='line_1_4' title="bbox 51 280 811 330; baseline 0.005 -12"><span class='ocrx_word' id='word_1_28' title='bbox 51 281 134 319; x_wconf 86' lang='lat' dir='ltr'>elevatis</span> <span class='ocrx_word' id='word_1_29' title='bbox 149 280 210 320; x_wconf 89' lang='lat' dir='ltr'>oculis</span> <span class='ocrx_word' id='word_1_30' title='bbox 221 281 262 319; x_wconf 86' lang='lat' dir='ltr'>suis</span> <span class='ocrx_word' id='word_1_31' title='bbox 272 282 293 319; x_wconf 90' lang='lat' dir='ltr'>in</span> <span class='ocrx_word' id='word_1_32' title='bbox 308 280 414 328; x_wconf 83' lang='lat' dir='ltr'>discipulos</span> <span class='ocrx_word' id='word_1_33' title='bbox 425 294 470 320; x_wconf 88' lang='lat' dir='ltr'>suos</span> <span class='ocrx_word' id='word_1_34' title='bbox 482 281 560 320; x_wconf 90' lang='lat' dir='ltr'>dicebat</span> <span class='ocrx_word' id='word_1_35' title='bbox 567 281 626 319; x_wconf 87' lang='lat' dir='ltr'>Beati</span> <span class='ocrx_word' id='word_1_36' title='bbox 634 294 730 328; x_wconf 74' lang='lat' dir='ltr'>pauperes</span> <span class='ocrx_word' id='word_1_37' title='bbox 738 284 811 330; x_wconf 85' lang='lat' dir='ltr'>spiritu</span> 
     </span>
    </p>
   </div>
   <div class='ocr_carea' id='block_1_4' title="bbox 6 338 830 2773">
    <p class='ocr_par' dir='ltr' id='par_1_4' title="bbox 6 338 830 2773">
     <span class='ocr_line' id='line_1_5' title="bbox 51 338 810 385; baseline 0.005 -9"><span class='ocrx_word' id='word_1_38' title='bbox 51 338 97 384; x_wconf 85' lang='lat' dir='ltr'>quia</span> <span class='ocrx_word' id='word_1_39' title='bbox 111 344 200 376; x_wconf 87' lang='lat' dir='ltr'>vestrum</span> <span class='ocrx_word' id='word_1_40' title='bbox 215 344 246 376; x_wconf 90' lang='lat' dir='ltr'>est</span> <span class='ocrx_word' id='word_1_41' title='bbox 259 351 341 385; x_wconf 84' lang='lat' dir='ltr'>regnum</span> <span class='ocrx_word' id='word_1_42' title='bbox 356 338 454 377; x_wconf 87' lang='lat' dir='ltr'>caelorum.</span> <span class='ocrx_word' id='word_1_43' title='bbox 471 343 496 377; x_wconf 82' lang='lat'>21</span> <span class='ocrx_word' id='word_1_44' title='bbox 513 338 573 377; x_wconf 90' lang='lat' dir='ltr'>Beati</span> <span class='ocrx_word' id='word_1_45' title='bbox 587 339 622 384; x_wconf 81' lang='lat' dir='ltr'>qui</span> <span class='ocrx_word' id='word_1_46' title='bbox 632 339 712 377; x_wconf 85' lang='lat' dir='ltr'>esuritis</span> <span class='ocrx_word' id='word_1_47' title='bbox 720 345 740 377; x_wconf 86' lang='lat' dir='ltr'>et</span> <span class='ocrx_word' id='word_1_48' title='bbox 748 340 810 380; x_wconf 85' lang='lat' dir='ltr'>sit-itis</span> 
     </span>
     <span class='ocr_line' id='line_1_6' title="bbox 50 395 811 444; baseline 0.005 -12"><span class='ocrx_word' id='word_1_49' title='bbox 50 395 149 434; x_wconf 84' lang='lat' dir='ltr'>iusticiam</span> <span class='ocrx_word' id='word_1_50' title='bbox 165 395 256 443; x_wconf 84' lang='lat' dir='ltr'>quoniam</span> <span class='ocrx_word' id='word_1_51' title='bbox 271 395 414 434; x_wconf 77' lang='lat' dir='ltr'>saturabimini.</span> <span class='ocrx_word' id='word_1_52' title='bbox 444 395 503 434; x_wconf 89' lang='lat' dir='ltr'>Beati</span> <span class='ocrx_word' id='word_1_53' title='bbox 518 396 552 442; x_wconf 83' lang='lat' dir='ltr'>qui</span> <span class='ocrx_word' id='word_1_54' title='bbox 566 395 619 433; x_wconf 85' lang='lat' dir='ltr'>fletis</span> <span class='ocrx_word' id='word_1_55' title='bbox 634 406 685 433; x_wconf 88' lang='lat' dir='ltr'>nunc</span> <span class='ocrx_word' id='word_1_56' title='bbox 700 397 746 444; x_wconf 87' lang='lat' dir='ltr'>quia</span> <span class='ocrx_word' id='word_1_57' title='bbox 760 397 811 436; x_wconf 87' lang='lat' dir='ltr'>ride-</span> 
     </span>
     <span class='ocr_line' id='line_1_7' title="bbox 48 451 830 502; baseline 0.003 -12"><span class='ocrx_word' id='word_1_58' title='bbox 48 451 103 493; x_wconf 84' lang='lat' dir='ltr'>bitis.</span> <span class='ocrx_word' id='word_1_59' title='bbox 120 457 146 490; x_wconf 89' lang='grc'>22</span> <span class='ocrx_word' id='word_1_60' title='bbox 155 452 214 491; x_wconf 86' lang='lat' dir='ltr'>Beati</span> <span class='ocrx_word' id='word_1_61' title='bbox 222 453 278 491; x_wconf 89' lang='lat' dir='ltr'>eritis</span> <span class='ocrx_word' id='word_1_62' title='bbox 288 466 332 491; x_wconf 87' lang='lat' dir='ltr'>cum</span> <span class='ocrx_word' id='word_1_63' title='bbox 341 451 408 491; x_wconf 89' lang='lat' dir='ltr'>odient</span> <span class='ocrx_word' id='word_1_64' title='bbox 414 465 448 491; x_wconf 84' lang='lat' dir='ltr'>vos</span> <span class='ocrx_word' id='word_1_65' title='bbox 456 453 551 502; x_wconf 80' lang='lat' dir='ltr'>homines,</span> <span class='ocrx_word' id='word_1_66' title='bbox 560 458 581 490; x_wconf 84' lang='lat' dir='ltr'>et</span> <span class='ocrx_word' id='word_1_67' title='bbox 591 452 667 500; x_wconf 88' lang='lat' dir='ltr'>quando</span> <span class='ocrx_word' id='word_1_68' title='bbox 675 454 811 499; x_wconf 73' lang='lat' dir='ltr'>separaverint</span> <span class='ocrx_word' id='word_1_69' title='bbox 828 465 830 467; x_wconf 83' lang='lat'>·</span> 
     </span>
     <span class='ocr_line' id='line_1_8' title="bbox 47 509 810 557; baseline 0.007 -12"><span class='ocrx_word' id='word_1_70' title='bbox 47 522 84 547; x_wconf 84' lang='lat' dir='ltr'>ros</span> <span class='ocrx_word' id='word_1_71' title='bbox 95 515 115 548; x_wconf 85' lang='lat' dir='ltr'>et</span> <span class='ocrx_word' id='word_1_72' title='bbox 125 523 169 548; x_wconf 89' lang='lat' dir='ltr'>cum</span> <span class='ocrx_word' id='word_1_73' title='bbox 180 510 274 549; x_wconf 84' lang='lat' dir='ltr'>eiecerint</span> <span class='ocrx_word' id='word_1_74' title='bbox 283 516 304 548; x_wconf 90' lang='lat' dir='ltr'>et</span> <span class='ocrx_word' id='word_1_75' title='bbox 312 509 475 557; x_wconf 81' lang='lat' dir='ltr'>exprobraverint</span> <span class='ocrx_word' id='word_1_76' title='bbox 484 523 555 548; x_wconf 89' lang='lat' dir='ltr'>nomen</span> <span class='ocrx_word' id='word_1_77' title='bbox 564 515 652 548; x_wconf 85' lang='lat' dir='ltr'>vestrum</span> <span class='ocrx_word' id='word_1_78' title='bbox 663 510 719 556; x_wconf 83' lang='lat' dir='ltr'>quasi</span> <span class='ocrx_word' id='word_1_79' title='bbox 728 524 810 557; x_wconf 84' lang='lat' dir='ltr'>nequam</span> 
     </span>
     <span class='ocr_line' id='line_1_9' title="bbox 48 565 809 614; baseline 0.003 -10"><span class='ocrx_word' id='word_1_80' title='bbox 48 572 130 614; x_wconf 87' lang='lat' dir='ltr'>propter</span> <span class='ocrx_word' id='word_1_81' title='bbox 144 567 206 606; x_wconf 85' lang='lat' dir='ltr'>filium</span> <span class='ocrx_word' id='word_1_82' title='bbox 213 567 304 606; x_wconf 87' lang='lat' dir='ltr'>hominis.</span> <span class='ocrx_word' id='word_1_83' title='bbox 336 571 362 605; x_wconf 84' lang='lat'>23</span> <span class='ocrx_word' id='word_1_84' title='bbox 379 565 469 606; x_wconf 82' lang='lat' dir='ltr'>Gaudete</span> <span class='ocrx_word' id='word_1_85' title='bbox 483 568 504 605; x_wconf 89' lang='lat' dir='ltr'>in</span> <span class='ocrx_word' id='word_1_86' title='bbox 519 566 553 605; x_wconf 90' lang='lat' dir='ltr'>illa</span> <span class='ocrx_word' id='word_1_87' title='bbox 568 567 599 605; x_wconf 87' lang='lat' dir='ltr'>die</span> <span class='ocrx_word' id='word_1_88' title='bbox 616 573 637 605; x_wconf 90' lang='lat' dir='ltr'>et</span> <span class='ocrx_word' id='word_1_89' title='bbox 651 566 748 607; x_wconf 84' lang='lat' dir='ltr'>exultate:</span> <span class='ocrx_word' id='word_1_90' title='bbox 765 579 809 606; x_wconf 92' lang='lat' dir='ltr'>ecce</span> 
     </span>
     <span class='ocr_line' id='line_1_10' title="bbox 49 624 810 663; baseline 0.003 -2"><span class='ocrx_word' id='word_1_91' title='bbox 49 624 100 662; x_wconf 88' lang='lat' dir='ltr'>enim</span> <span class='ocrx_word' id='word_1_92' title='bbox 115 638 189 663; x_wconf 89' lang='lat' dir='ltr'>merces</span> <span class='ocrx_word' id='word_1_93' title='bbox 204 630 271 663; x_wconf 84' lang='lat' dir='ltr'>uestra</span> <span class='ocrx_word' id='word_1_94' title='bbox 285 624 347 663; x_wconf 89' lang='lat' dir='ltr'>multa</span> <span class='ocrx_word' id='word_1_95' title='bbox 369 629 400 662; x_wconf 87' lang='lat' dir='ltr'>est</span> <span class='ocrx_word' id='word_1_96' title='bbox 420 625 441 662; x_wconf 91' lang='lat' dir='ltr'>in</span> <span class='ocrx_word' id='word_1_97' title='bbox 463 624 523 663; x_wconf 87' lang='lat' dir='ltr'>caelo:</span> <span class='ocrx_word' id='word_1_98' title='bbox 546 624 614 662; x_wconf 89' lang='lat' dir='ltr'>eadem</span> <span class='ocrx_word' id='word_1_99' title='bbox 637 625 687 662; x_wconf 85' lang='lat' dir='ltr'>enirn</span> <span class='ocrx_word' id='word_1_100' title='bbox 710 624 810 663; x_wconf 86' lang='lat' dir='ltr'>faciebant</span> 
     </span>
     <span class='ocr_line' id='line_1_11' title="bbox 47 680 808 729; baseline 0.004 -11"><span class='ocrx_word' id='word_1_101' title='bbox 47 681 150 728; x_wconf 86' lang='lat' dir='ltr'>prophetis</span> <span class='ocrx_word' id='word_1_102' title='bbox 165 688 232 729; x_wconf 85' lang='lat' dir='ltr'>patres</span> <span class='ocrx_word' id='word_1_103' title='bbox 247 681 332 720; x_wconf 88' lang='lat' dir='ltr'>illorum.</span> <span class='ocrx_word' id='word_1_104' title='bbox 364 684 390 719; x_wconf 84' lang='grc'>24</span> <span class='ocrx_word' id='word_1_105' title='bbox 407 681 481 719; x_wconf 89' lang='lat' dir='ltr'>Verum</span> <span class='ocrx_word' id='word_1_106' title='bbox 500 687 566 719; x_wconf 87' lang='lat' dir='ltr'>tamen</span> <span class='ocrx_word' id='word_1_107' title='bbox 580 694 611 719; x_wconf 85' lang='lat' dir='ltr'>rae</span> <span class='ocrx_word' id='word_1_108' title='bbox 626 680 681 719; x_wconf 83' lang='lat' dir='ltr'>vobis</span> <span class='ocrx_word' id='word_1_109' title='bbox 705 681 808 728; x_wconf 83' lang='lat' dir='ltr'>divitibus,</span> 
     </span>
     <span class='ocr_line' id='line_1_12' title="bbox 47 738 807 785; baseline 0.003 -9"><span class='ocrx_word' id='word_1_110' title='bbox 47 739 140 785; x_wconf 86' lang='lat' dir='ltr'>queniam</span> <span class='ocrx_word' id='word_1_111' title='bbox 155 739 194 777; x_wconf 91' lang='lat' dir='ltr'>iam</span> <span class='ocrx_word' id='word_1_112' title='bbox 217 740 317 777; x_wconf 89' lang='lat' dir='ltr'>consecuti</span> <span class='ocrx_word' id='word_1_113' title='bbox 342 738 391 776; x_wconf 87' lang='lat' dir='ltr'>estis</span> <span class='ocrx_word' id='word_1_114' title='bbox 416 738 572 776; x_wconf 83' lang='lat' dir='ltr'>consolacicncm</span> <span class='ocrx_word' id='word_1_115' title='bbox 593 744 686 776; x_wconf 81' lang='lat' dir='ltr'>uestram.</span> <span class='ocrx_word' id='word_1_116' title='bbox 717 743 743 776; x_wconf 83' lang='lat'>25</span> <span class='ocrx_word' id='word_1_117' title='bbox 769 739 807 778; x_wconf 89' lang='lat' dir='ltr'>Vae</span> 
     </span>
     <span class='ocr_line' id='line_1_13' title="bbox 47 794 808 844; baseline 0.001 -11"><span class='ocrx_word' id='word_1_118' title='bbox 47 795 103 833; x_wconf 79' lang='lat' dir='ltr'>vobis</span> <span class='ocrx_word' id='word_1_119' title='bbox 119 796 154 842; x_wconf 88' lang='lat' dir='ltr'>qui</span> <span class='ocrx_word' id='word_1_120' title='bbox 168 795 253 834; x_wconf 85' lang='lat' dir='ltr'>saturati</span> <span class='ocrx_word' id='word_1_121' title='bbox 268 795 323 844; x_wconf 82' lang='lat' dir='ltr'>estis,</span> <span class='ocrx_word' id='word_1_122' title='bbox 339 795 386 840; x_wconf 85' lang='lat' dir='ltr'>quia</span> <span class='ocrx_word' id='word_1_123' title='bbox 401 795 500 833; x_wconf 78' lang='lat' dir='ltr'>esurietis</span> <span class='ocrx_word' id='word_1_124' title='bbox 545 794 583 833; x_wconf 86' lang='lat' dir='ltr'>Vae</span> <span class='ocrx_word' id='word_1_125' title='bbox 604 794 660 833; x_wconf 86' lang='lat' dir='ltr'>robis</span> <span class='ocrx_word' id='word_1_126' title='bbox 684 795 718 840; x_wconf 88' lang='lat' dir='ltr'>qui</span> <span class='ocrx_word' id='word_1_127' title='bbox 737 795 808 834; x_wconf 84' lang='lat' dir='ltr'>ridetis</span> 
     </span>
     <span class='ocr_line' id='line_1_14' title="bbox 46 850 808 902; baseline 0.001 -12"><span class='ocrx_word' id='word_1_128' title='bbox 46 865 105 902; x_wconf 70' lang='lat' dir='ltr'>nunc,</span> <span class='ocrx_word' id='word_1_129' title='bbox 121 853 166 898; x_wconf 84' lang='lat' dir='ltr'>quia</span> <span class='ocrx_word' id='word_1_130' title='bbox 181 852 278 899; x_wconf 82' lang='lat' dir='ltr'>plangetis</span> <span class='ocrx_word' id='word_1_131' title='bbox 296 857 317 889; x_wconf 91' lang='lat' dir='ltr'>et</span> <span class='ocrx_word' id='word_1_132' title='bbox 331 850 411 890; x_wconf 78' lang='lat' dir='ltr'>flebitis.</span> <span class='ocrx_word' id='word_1_133' title='bbox 443 856 468 890; x_wconf 84' lang='grc'>26</span> <span class='ocrx_word' id='word_1_134' title='bbox 485 850 523 890; x_wconf 86' lang='lat' dir='ltr'>Vae</span> <span class='ocrx_word' id='word_1_135' title='bbox 539 852 616 897; x_wconf 85' lang='lat' dir='ltr'>quando</span> <span class='ocrx_word' id='word_1_136' title='bbox 631 851 680 889; x_wconf 89' lang='lat' dir='ltr'>bene</span> <span class='ocrx_word' id='word_1_137' title='bbox 688 851 744 890; x_wconf 82' lang='lat' dir='ltr'>robis</span> <span class='ocrx_word' id='word_1_138' title='bbox 755 852 808 891; x_wconf 83' lang='lat' dir='ltr'>dixe-</span> 
     </span>
     <span class='ocr_line' id='line_1_15' title="bbox 47 908 808 956; baseline 0 -9"><span class='ocrx_word' id='word_1_139' title='bbox 47 909 88 947; x_wconf 84' lang='lat' dir='ltr'>rint</span> <span class='ocrx_word' id='word_1_140' title='bbox 103 922 169 947; x_wconf 87' lang='lat' dir='ltr'>omnes</span> <span class='ocrx_word' id='word_1_141' title='bbox 184 908 284 947; x_wconf 84' lang='lat' dir='ltr'>homines:</span> <span class='ocrx_word' id='word_1_142' title='bbox 302 908 370 947; x_wconf 84' lang='lat' dir='ltr'>eadem</span> <span class='ocrx_word' id='word_1_143' title='bbox 385 908 485 947; x_wconf 85' lang='lat' dir='ltr'>faciebant</span> <span class='ocrx_word' id='word_1_144' title='bbox 501 908 680 955; x_wconf 85' lang='lat' dir='ltr'>pseudoprophetis</span> <span class='ocrx_word' id='word_1_145' title='bbox 695 915 761 956; x_wconf 82' lang='lat' dir='ltr'>patres</span> <span class='ocrx_word' id='word_1_146' title='bbox 778 923 808 948; x_wconf 88' lang='lat' dir='ltr'>ec·</span> 
     </span>
     <span class='ocr_line' id='line_1_16' title="bbox 46 965 806 1013; baseline 0.001 -9"><span class='ocrx_word' id='word_1_147' title='bbox 46 979 96 1005; x_wconf 89' lang='lat' dir='ltr'>rum.</span> <span class='ocrx_word' id='word_1_148' title='bbox 128 968 154 1005; x_wconf 80' lang='lat'>27</span> <span class='ocrx_word' id='word_1_149' title='bbox 180 965 220 1005; x_wconf 80' lang='lat' dir='ltr'>Sed</span> <span class='ocrx_word' id='word_1_150' title='bbox 234 966 289 1005; x_wconf 80' lang='lat' dir='ltr'>robis</span> <span class='ocrx_word' id='word_1_151' title='bbox 305 966 348 1004; x_wconf 87' lang='lat' dir='ltr'>dico</span> <span class='ocrx_word' id='word_1_152' title='bbox 367 966 401 1013; x_wconf 90' lang='lat' dir='ltr'>qui</span> <span class='ocrx_word' id='word_1_153' title='bbox 416 966 489 1004; x_wconf 89' lang='lat' dir='ltr'>auditis</span> <span class='ocrx_word' id='word_1_154' title='bbox 504 965 589 1013; x_wconf 84' lang='lat' dir='ltr'>Diligite</span> <span class='ocrx_word' id='word_1_155' title='bbox 611 966 701 1004; x_wconf 85' lang='lat' dir='ltr'>inimicos</span> <span class='ocrx_word' id='word_1_156' title='bbox 723 972 806 1013; x_wconf 86' lang='lat' dir='ltr'>vestros,</span> 
     </span>
     <span class='ocr_line' id='line_1_17' title="bbox 45 1022 808 1073; baseline 0.001 -12"><span class='ocrx_word' id='word_1_157' title='bbox 45 1022 95 1062; x_wconf 88' lang='lat' dir='ltr'>bene</span> <span class='ocrx_word' id='word_1_158' title='bbox 118 1023 177 1062; x_wconf 86' lang='lat' dir='ltr'>facite</span> <span class='ocrx_word' id='word_1_159' title='bbox 200 1023 311 1061; x_wconf 85' lang='lat' dir='ltr'>odientibus</span> <span class='ocrx_word' id='word_1_160' title='bbox 329 1022 392 1073; x_wconf 78' lang='lat' dir='ltr'>robis,</span> <span class='ocrx_word' id='word_1_161' title='bbox 423 1026 449 1061; x_wconf 90' lang='grc'>28</span> <span class='ocrx_word' id='word_1_162' title='bbox 471 1022 582 1062; x_wconf 80' lang='lat' dir='ltr'>benedicite</span> <span class='ocrx_word' id='word_1_163' title='bbox 597 1023 760 1063; x_wconf 82' lang='lat' dir='ltr'>maledicentibus</span> <span class='ocrx_word' id='word_1_164' title='bbox 775 1037 808 1062; x_wconf 91' lang='lat' dir='ltr'>vo-</span> 
     </span>
     <span class='ocr_line' id='line_1_18' title="bbox 45 1078 808 1129; baseline 0 -11"><span class='ocrx_word' id='word_1_165' title='bbox 45 1078 82 1129; x_wconf 80' lang='lat' dir='ltr'>bis,</span> <span class='ocrx_word' id='word_1_166' title='bbox 98 1085 153 1118; x_wconf 89' lang='lat' dir='ltr'>orate</span> <span class='ocrx_word' id='word_1_167' title='bbox 168 1093 203 1127; x_wconf 88' lang='lat' dir='ltr'>pro</span> <span class='ocrx_word' id='word_1_168' title='bbox 219 1079 382 1118; x_wconf 89' lang='lat' dir='ltr'>calumniantibus</span> <span class='ocrx_word' id='word_1_169' title='bbox 397 1079 459 1119; x_wconf 86' lang='lat' dir='ltr'>vobis.</span> <span class='ocrx_word' id='word_1_170' title='bbox 490 1084 516 1118; x_wconf 79' lang='grc'>29</span> <span class='ocrx_word' id='word_1_171' title='bbox 539 1079 655 1118; x_wconf 86' lang='lat' dir='ltr'>Pecueienti</span> <span class='ocrx_word' id='word_1_172' title='bbox 669 1085 689 1118; x_wconf 90' lang='lat' dir='ltr'>te</span> <span class='ocrx_word' id='word_1_173' title='bbox 704 1081 725 1118; x_wconf 93' lang='lat' dir='ltr'>in</span> <span class='ocrx_word' id='word_1_174' title='bbox 740 1081 808 1119; x_wconf 82' lang='lat' dir='ltr'>maxil-</span> 
     </span>
     <span class='ocr_line' id='line_1_19' title="bbox 45 1136 807 1185; baseline 0.001 -11"><span class='ocrx_word' id='word_1_175' title='bbox 45 1136 85 1174; x_wconf 89' lang='lat' dir='ltr'>lam</span> <span class='ocrx_word' id='word_1_176' title='bbox 99 1139 166 1183; x_wconf 86' lang='lat' dir='ltr'>praebe</span> <span class='ocrx_word' id='word_1_177' title='bbox 181 1137 211 1174; x_wconf 94' lang='lat' dir='ltr'>illi</span> <span class='ocrx_word' id='word_1_178' title='bbox 226 1142 247 1174; x_wconf 83' lang='lat' dir='ltr'>et</span> <span class='ocrx_word' id='word_1_179' title='bbox 262 1137 349 1185; x_wconf 76' lang='lat' dir='ltr'>alteram,</span> <span class='ocrx_word' id='word_1_180' title='bbox 370 1142 391 1174; x_wconf 90' lang='lat' dir='ltr'>et</span> <span class='ocrx_word' id='word_1_181' title='bbox 405 1136 504 1175; x_wconf 84' lang='lat' dir='ltr'>auferenti</span> <span class='ocrx_word' id='word_1_182' title='bbox 519 1149 531 1174; x_wconf 92' lang='lat' dir='ltr'>a</span> <span class='ocrx_word' id='word_1_183' title='bbox 545 1143 565 1175; x_wconf 92' lang='lat' dir='ltr'>te</span> <span class='ocrx_word' id='word_1_184' title='bbox 580 1136 661 1183; x_wconf 85' lang='lat' dir='ltr'>pallium</span> <span class='ocrx_word' id='word_1_185' title='bbox 681 1137 767 1175; x_wconf 88' lang='lat' dir='ltr'>tunicam</span> <span class='ocrx_word' id='word_1_186' title='bbox 782 1151 807 1175; x_wconf 88' lang='lat' dir='ltr'>nc</span> 
     </span>
     <span class='ocr_line' id='line_1_20' title="bbox 44 1192 807 1242; baseline 0 -11"><span class='ocrx_word' id='word_1_187' title='bbox 44 1193 163 1240; x_wconf 77' lang='lat' dir='ltr'>prohibeas:</span> <span class='ocrx_word' id='word_1_188' title='bbox 183 1197 208 1232; x_wconf 76' lang='lat'>30</span> <span class='ocrx_word' id='word_1_189' title='bbox 225 1193 277 1232; x_wconf 88' lang='lat' dir='ltr'>omni</span> <span class='ocrx_word' id='word_1_190' title='bbox 292 1199 357 1231; x_wconf 87' lang='lat' dir='ltr'>autem</span> <span class='ocrx_word' id='word_1_191' title='bbox 372 1193 449 1239; x_wconf 88' lang='lat' dir='ltr'>petenti</span> <span class='ocrx_word' id='word_1_192' title='bbox 464 1199 484 1231; x_wconf 91' lang='lat' dir='ltr'>te</span> <span class='ocrx_word' id='word_1_193' title='bbox 500 1192 531 1242; x_wconf 87' lang='lat' dir='ltr'>da,</span> <span class='ocrx_word' id='word_1_194' title='bbox 547 1199 568 1232; x_wconf 93' lang='lat' dir='ltr'>et</span> <span class='ocrx_word' id='word_1_195' title='bbox 583 1193 704 1232; x_wconf 82' lang='lat' dir='ltr'>auferentem</span> <span class='ocrx_word' id='word_1_196' title='bbox 719 1195 807 1232; x_wconf 87' lang='lat' dir='ltr'>tunicam</span> 
     </span>
     <span class='ocr_line' id='line_1_21' title="bbox 6 1249 807 1297; baseline 0.001 -10"><span class='ocrx_word' id='word_1_197' title='bbox 6 1260 9 1266; x_wconf 46' lang='lat'>⁸</span> <span class='ocrx_word' id='word_1_198' title='bbox 45 1254 99 1294; x_wconf 87' lang='lat' dir='ltr'>tuam</span> <span class='ocrx_word' id='word_1_199' title='bbox 114 1250 154 1289; x_wconf 90' lang='lat' dir='ltr'>noli</span> <span class='ocrx_word' id='word_1_200' title='bbox 169 1249 280 1297; x_wconf 87' lang='lat' dir='ltr'>prohibere.</span> <span class='ocrx_word' id='word_1_201' title='bbox 298 1255 322 1288; x_wconf 92' lang='lat'>31</span> <span class='ocrx_word' id='word_1_202' title='bbox 339 1249 367 1288; x_wconf 81' lang='lat' dir='ltr'>Et</span> <span class='ocrx_word' id='word_1_203' title='bbox 382 1250 478 1296; x_wconf 83' lang='lat' dir='ltr'>quomodo</span> <span class='ocrx_word' id='word_1_204' title='bbox 493 1250 554 1288; x_wconf 82' lang='lat' dir='ltr'>vult-is</span> <span class='ocrx_word' id='word_1_205' title='bbox 569 1255 592 1288; x_wconf 91' lang='lat' dir='ltr'>nt</span> <span class='ocrx_word' id='word_1_206' title='bbox 614 1251 688 1288; x_wconf 85' lang='lat' dir='ltr'>faciant</span> <span class='ocrx_word' id='word_1_207' title='bbox 702 1250 758 1290; x_wconf 89' lang='lat' dir='ltr'>vobis</span> <span class='ocrx_word' id='word_1_208' title='bbox 773 1251 807 1289; x_wconf 89' lang='lat' dir='ltr'>ho-</span> 
     </span>
     <span class='ocr_line' id='line_1_22' title="bbox 43 1306 806 1354; baseline 0.003 -10"><span class='ocrx_word' id='word_1_209' title='bbox 43 1308 114 1353; x_wconf 85' lang='lat' dir='ltr'>mines,</span> <span class='ocrx_word' id='word_1_210' title='bbox 129 1312 150 1345; x_wconf 87' lang='lat' dir='ltr'>et</span> <span class='ocrx_word' id='word_1_211' title='bbox 164 1320 199 1346; x_wconf 92' lang='lat' dir='ltr'>vos</span> <span class='ocrx_word' id='word_1_212' title='bbox 214 1307 273 1345; x_wconf 85' lang='lat' dir='ltr'>facite</span> <span class='ocrx_word' id='word_1_213' title='bbox 289 1306 329 1345; x_wconf 87' lang='lat' dir='ltr'>illis</span> <span class='ocrx_word' id='word_1_214' title='bbox 345 1307 442 1346; x_wconf 89' lang='lat' dir='ltr'>similiter.</span> <span class='ocrx_word' id='word_1_215' title='bbox 475 1311 501 1345; x_wconf 85' lang='lat'>32</span> <span class='ocrx_word' id='word_1_216' title='bbox 516 1306 545 1345; x_wconf 76' lang='lat' dir='ltr'>Et</span> <span class='ocrx_word' id='word_1_217' title='bbox 559 1307 577 1345; x_wconf 86' lang='lat' dir='ltr'>si</span> <span class='ocrx_word' id='word_1_218' title='bbox 592 1306 675 1354; x_wconf 79' lang='lat' dir='ltr'>diligitis</span> <span class='ocrx_word' id='word_1_219' title='bbox 686 1320 719 1345; x_wconf 87' lang='lat' dir='ltr'>eos</span> <span class='ocrx_word' id='word_1_220' title='bbox 730 1308 806 1354; x_wconf 86' lang='lat' dir='ltr'>quivos</span> 
     </span>
     <span class='ocr_line' id='line_1_23' title="bbox 45 1363 807 1414; baseline 0.003 -13"><span class='ocrx_word' id='word_1_221' title='bbox 45 1363 136 1414; x_wconf 81' lang='lat' dir='ltr'>diligunt,</span> <span class='ocrx_word' id='word_1_222' title='bbox 153 1377 197 1411; x_wconf 87' lang='lat' dir='ltr'>quae</span> <span class='ocrx_word' id='word_1_223' title='bbox 213 1369 244 1402; x_wconf 90' lang='lat' dir='ltr'>est</span> <span class='ocrx_word' id='word_1_224' title='bbox 258 1363 314 1403; x_wconf 79' lang='lat' dir='ltr'>robis</span> <span class='ocrx_word' id='word_1_225' title='bbox 329 1364 409 1410; x_wconf 79' lang='lat' dir='ltr'>gracia?</span> <span class='ocrx_word' id='word_1_226' title='bbox 424 1377 469 1402; x_wconf 85' lang='lat' dir='ltr'>nam</span> <span class='ocrx_word' id='word_1_227' title='bbox 483 1369 596 1411; x_wconf 77' lang='lat' dir='ltr'>peccatores</span> <span class='ocrx_word' id='word_1_228' title='bbox 608 1363 712 1411; x_wconf 82' lang='lat' dir='ltr'>diligentes</span> <span class='ocrx_word' id='word_1_229' title='bbox 727 1377 748 1403; x_wconf 84' lang='lat' dir='ltr'>se</span> <span class='ocrx_word' id='word_1_230' title='bbox 764 1364 807 1403; x_wconf 92' lang='lat' dir='ltr'>dili-</span> 
     </span>
     <span class='ocr_line' id='line_1_24' title="bbox 45 1420 807 1470; baseline 0.001 -11"><span class='ocrx_word' id='word_1_231' title='bbox 45 1427 100 1467; x_wconf 81' lang='lat' dir='ltr'>gunt.</span> <span class='ocrx_word' id='word_1_232' title='bbox 132 1426 156 1459; x_wconf 82' lang='lat'>33</span> <span class='ocrx_word' id='word_1_233' title='bbox 188 1421 216 1459; x_wconf 79' lang='lat' dir='ltr'>Et</span> <span class='ocrx_word' id='word_1_234' title='bbox 239 1420 256 1459; x_wconf 86' lang='lat' dir='ltr'>si</span> <span class='ocrx_word' id='word_1_235' title='bbox 270 1420 410 1459; x_wconf 84' lang='lat' dir='ltr'>benefeceritis</span> <span class='ocrx_word' id='word_1_236' title='bbox 432 1420 601 1459; x_wconf 84' lang='lat' dir='ltr'>benefacientibus</span> <span class='ocrx_word' id='word_1_237' title='bbox 622 1420 685 1470; x_wconf 72' lang='lat' dir='ltr'>vobis7</span> <span class='ocrx_word' id='word_1_238' title='bbox 709 1433 753 1466; x_wconf 83' lang='lat' dir='ltr'>quae</span> <span class='ocrx_word' id='word_1_239' title='bbox 776 1428 807 1460; x_wconf 85' lang='lat' dir='ltr'>est</span> 
     </span>
     <span class='ocr_line' id='line_1_25' title="bbox 44 1476 807 1524; baseline 0.001 -9"><span class='ocrx_word' id='word_1_240' title='bbox 44 1478 124 1524; x_wconf 77' lang='lat' dir='ltr'>gracia?</span> <span class='ocrx_word' id='word_1_241' title='bbox 140 1491 184 1516; x_wconf 88' lang='lat' dir='ltr'>eum</span> <span class='ocrx_word' id='word_1_242' title='bbox 199 1483 220 1516; x_wconf 86' lang='lat' dir='ltr'>et</span> <span class='ocrx_word' id='word_1_243' title='bbox 234 1483 348 1524; x_wconf 84' lang='lat' dir='ltr'>peccatores</span> <span class='ocrx_word' id='word_1_244' title='bbox 364 1477 408 1516; x_wconf 87' lang='lat' dir='ltr'>haec</span> <span class='ocrx_word' id='word_1_245' title='bbox 422 1477 505 1517; x_wconf 83' lang='lat' dir='ltr'>faciunt.</span> <span class='ocrx_word' id='word_1_246' title='bbox 537 1480 563 1515; x_wconf 89' lang='lat'>34</span> <span class='ocrx_word' id='word_1_247' title='bbox 582 1476 621 1516; x_wconf 72' lang='lat' dir='ltr'>&#39;Et</span> <span class='ocrx_word' id='word_1_248' title='bbox 643 1478 661 1515; x_wconf 87' lang='lat' dir='ltr'>si</span> <span class='ocrx_word' id='word_1_249' title='bbox 675 1478 770 1516; x_wconf 87' lang='lat' dir='ltr'>feneratis</span> <span class='ocrx_word' id='word_1_250' title='bbox 796 1492 807 1516; x_wconf 92' lang='lat' dir='ltr'>a</span> 
     </span>
     <span class='ocr_line' id='line_1_26' title="bbox 45 1533 807 1583; baseline 0.001 -11"><span class='ocrx_word' id='word_1_251' title='bbox 45 1533 116 1579; x_wconf 85' lang='lat' dir='ltr'>quibus</span> <span class='ocrx_word' id='word_1_252' title='bbox 131 1535 214 1583; x_wconf 86' lang='lat' dir='ltr'>speratis</span> <span class='ocrx_word' id='word_1_253' title='bbox 230 1535 324 1583; x_wconf 87' lang='lat' dir='ltr'>recipere,</span> <span class='ocrx_word' id='word_1_254' title='bbox 345 1546 389 1581; x_wconf 85' lang='lat' dir='ltr'>quae</span> <span class='ocrx_word' id='word_1_255' title='bbox 404 1534 460 1573; x_wconf 89' lang='lat' dir='ltr'>vobis</span> <span class='ocrx_word' id='word_1_256' title='bbox 476 1539 507 1572; x_wconf 91' lang='lat' dir='ltr'>est</span> <span class='ocrx_word' id='word_1_257' title='bbox 521 1534 600 1580; x_wconf 83' lang='lat' dir='ltr'>gracia?</span> <span class='ocrx_word' id='word_1_258' title='bbox 630 1547 675 1572; x_wconf 89' lang='lat' dir='ltr'>nam</span> <span class='ocrx_word' id='word_1_259' title='bbox 698 1540 718 1572; x_wconf 89' lang='lat' dir='ltr'>et</span> <span class='ocrx_word' id='word_1_260' title='bbox 740 1547 807 1581; x_wconf 89' lang='lat' dir='ltr'>pecca-</span> 
     </span>
     <span class='ocr_line' id='line_1_27' title="bbox 44 1590 806 1638; baseline 0.003 -10"><span class='ocrx_word' id='word_1_261' title='bbox 44 1596 98 1629; x_wconf 91' lang='lat' dir='ltr'>tores</span> <span class='ocrx_word' id='word_1_262' title='bbox 113 1592 250 1638; x_wconf 84' lang='lat' dir='ltr'>peecatoribus</span> <span class='ocrx_word' id='word_1_263' title='bbox 265 1591 380 1629; x_wconf 86' lang='lat' dir='ltr'>fenerantur</span> <span class='ocrx_word' id='word_1_264' title='bbox 394 1596 418 1629; x_wconf 90' lang='lat' dir='ltr'>ut</span> <span class='ocrx_word' id='word_1_265' title='bbox 432 1591 534 1638; x_wconf 84' lang='lat' dir='ltr'>recipiant.</span> <span class='ocrx_word' id='word_1_266' title='bbox 574 1595 599 1629; x_wconf 85' lang='lat'>35</span> <span class='ocrx_word' id='word_1_267' title='bbox 628 1590 763 1630; x_wconf 88' lang='lat' dir='ltr'>Veruntamen</span> <span class='ocrx_word' id='word_1_268' title='bbox 779 1591 806 1630; x_wconf 91' lang='lat' dir='ltr'>di-</span> 
     </span>
     <span class='ocr_line' id='line_1_28' title="bbox 44 1643 806 1698; baseline 0.001 -13"><span class='ocrx_word' id='word_1_269' title='bbox 44 1647 99 1695; x_wconf 85' lang='lat' dir='ltr'>ligite</span> <span class='ocrx_word' id='word_1_270' title='bbox 114 1648 203 1686; x_wconf 84' lang='lat' dir='ltr'>inimicos</span> <span class='ocrx_word' id='word_1_271' title='bbox 218 1654 295 1686; x_wconf 82' lang='lat' dir='ltr'>vestroe</span> <span class='ocrx_word' id='word_1_272' title='bbox 311 1653 332 1686; x_wconf 92' lang='lat' dir='ltr'>et</span> <span class='ocrx_word' id='word_1_273' title='bbox 346 1647 466 1698; x_wconf 78' lang='lat' dir='ltr'>benefacite3</span> <span class='ocrx_word' id='word_1_274' title='bbox 481 1643 570 1687; x_wconf 84' lang='lat' dir='ltr'>fenerate</span> <span class='ocrx_word' id='word_1_275' title='bbox 584 1647 646 1685; x_wconf 88' lang='lat' dir='ltr'>nichil</span> <span class='ocrx_word' id='word_1_276' title='bbox 663 1648 708 1686; x_wconf 89' lang='lat' dir='ltr'>inde</span> <span class='ocrx_word' id='word_1_277' title='bbox 728 1661 806 1694; x_wconf 90' lang='lat' dir='ltr'>speran-</span> 
     </span>
     <span class='ocr_line' id='line_1_29' title="bbox 44 1703 804 1751; baseline 0.001 -9"><span class='ocrx_word' id='word_1_278' title='bbox 44 1709 85 1742; x_wconf 85' lang='lat' dir='ltr'>tes:</span> <span class='ocrx_word' id='word_1_279' title='bbox 102 1705 176 1743; x_wconf 86' lang='lat' dir='ltr'>eterit</span> <span class='ocrx_word' id='word_1_280' title='bbox 191 1717 265 1743; x_wconf 89' lang='lat' dir='ltr'>merces</span> <span class='ocrx_word' id='word_1_281' title='bbox 280 1710 346 1743; x_wconf 88' lang='lat' dir='ltr'>vestra</span> <span class='ocrx_word' id='word_1_282' title='bbox 361 1704 423 1742; x_wconf 90' lang='lat' dir='ltr'>multa</span> <span class='ocrx_word' id='word_1_283' title='bbox 438 1704 459 1741; x_wconf 91' lang='lat' dir='ltr'>in</span> <span class='ocrx_word' id='word_1_284' title='bbox 474 1704 527 1742; x_wconf 82' lang='lat' dir='ltr'>caelis</span> <span class='ocrx_word' id='word_1_285' title='bbox 544 1710 564 1741; x_wconf 90' lang='lat' dir='ltr'>et</span> <span class='ocrx_word' id='word_1_286' title='bbox 579 1705 635 1742; x_wconf 88' lang='lat' dir='ltr'>eritis</span> <span class='ocrx_word' id='word_1_287' title='bbox 651 1704 689 1742; x_wconf 87' lang='lat' dir='ltr'>filii</span> <span class='ocrx_word' id='word_1_288' title='bbox 705 1703 804 1751; x_wconf 84' lang='lat' dir='ltr'>altissimi,</span> 
     </span>
     <span class='ocr_line' id='line_1_30' title="bbox 44 1760 805 1807; baseline 0.001 -9"><span class='ocrx_word' id='word_1_289' title='bbox 44 1761 193 1807; x_wconf 78' lang='lat' dir='ltr'>quoniam-ipse</span> <span class='ocrx_word' id='word_1_290' title='bbox 207 1761 271 1800; x_wconf 86' lang='lat' dir='ltr'>bonus</span> <span class='ocrx_word' id='word_1_291' title='bbox 292 1765 323 1798; x_wconf 89' lang='lat' dir='ltr'>est</span> <span class='ocrx_word' id='word_1_292' title='bbox 344 1773 404 1807; x_wconf 86' lang='lat' dir='ltr'>super</span> <span class='ocrx_word' id='word_1_293' title='bbox 425 1761 512 1807; x_wconf 82' lang='lat' dir='ltr'>ingratas</span> <span class='ocrx_word' id='word_1_294' title='bbox 536 1765 556 1798; x_wconf 92' lang='lat' dir='ltr'>et</span> <span class='ocrx_word' id='word_1_295' title='bbox 577 1760 644 1798; x_wconf 88' lang='lat' dir='ltr'>malos.</span> <span class='ocrx_word' id='word_1_296' title='bbox 677 1765 706 1799; x_wconf 72' lang='lat' dir='ltr'>36v</span> <span class='ocrx_word' id='word_1_297' title='bbox 733 1762 805 1799; x_wconf 78' lang='lat' dir='ltr'>Estote</span> 
     </span>
     <span class='ocr_line' id='line_1_31' title="bbox 44 1817 804 1865; baseline 0.001 -10"><span class='ocrx_word' id='word_1_298' title='bbox 44 1830 89 1864; x_wconf 83' lang='lat' dir='ltr'>ergo</span> <span class='ocrx_word' id='word_1_299' title='bbox 118 1817 261 1865; x_wconf 82' lang='lat' dir='ltr'>misericordes,</span> <span class='ocrx_word' id='word_1_300' title='bbox 291 1817 343 1855; x_wconf 87' lang='lat' dir='ltr'>sicut</span> <span class='ocrx_word' id='word_1_301' title='bbox 369 1822 427 1863; x_wconf 86' lang='lat' dir='ltr'>pater</span> <span class='ocrx_word' id='word_1_302' title='bbox 449 1822 516 1855; x_wconf 85' lang='lat' dir='ltr'>vester</span> <span class='ocrx_word' id='word_1_303' title='bbox 544 1817 657 1855; x_wconf 80' lang='lat' dir='ltr'>misericors</span> <span class='ocrx_word' id='word_1_304' title='bbox 683 1823 714 1855; x_wconf 89' lang='lat' dir='ltr'>est</span> <span class='ocrx_word' id='word_1_305' title='bbox 742 1818 804 1857; x_wconf 81' lang='lat' dir='ltr'>vobis.</span> 
     </span>
     <span class='ocr_line' id='line_1_32' title="bbox 44 1873 805 1926; baseline 0 -14"><span class='ocrx_word' id='word_1_306' title='bbox 44 1873 112 1913; x_wconf 88' lang='lat' dir='ltr'>Nolite</span> <span class='ocrx_word' id='word_1_307' title='bbox 127 1874 221 1926; x_wconf 79' lang='lat' dir='ltr'>iudicare,</span> <span class='ocrx_word' id='word_1_308' title='bbox 243 1887 267 1913; x_wconf 88' lang='lat' dir='ltr'>ue</span> <span class='ocrx_word' id='word_1_309' title='bbox 282 1873 381 1912; x_wconf 88' lang='lat' dir='ltr'>iudicetur</span> <span class='ocrx_word' id='word_1_310' title='bbox 404 1874 427 1912; x_wconf 86' lang='lat' dir='ltr'>de</span> <span class='ocrx_word' id='word_1_311' title='bbox 442 1874 509 1914; x_wconf 86' lang='lat' dir='ltr'>vobis:</span> <span class='ocrx_word' id='word_1_312' title='bbox 539 1873 599 1912; x_wconf 89' lang='lat' dir='ltr'>nolite</span> <span class='ocrx_word' id='word_1_313' title='bbox 623 1873 758 1924; x_wconf 78' lang='lat' dir='ltr'>condemnare,</span> <span class='ocrx_word' id='word_1_314' title='bbox 781 1888 805 1912; x_wconf 88' lang='lat' dir='ltr'>nc</span> 
     </span>
     <span class='ocr_line' id='line_1_33' title="bbox 44 1930 806 1983; baseline 0 -14"><span class='ocrx_word' id='word_1_315' title='bbox 44 1931 210 1970; x_wconf 83' lang='lat' dir='ltr'>condemnemini:</span> <span class='ocrx_word' id='word_1_316' title='bbox 227 1931 329 1983; x_wconf 46' lang='lat' dir='ltr'>dimittite}</span> <span class='ocrx_word' id='word_1_317' title='bbox 345 1934 366 1969; x_wconf 87' lang='lat' dir='ltr'>et</span> <span class='ocrx_word' id='word_1_318' title='bbox 380 1930 492 1969; x_wconf 82' lang='lat' dir='ltr'>dimittetur</span> <span class='ocrx_word' id='word_1_319' title='bbox 507 1930 574 1969; x_wconf 80' lang='lat' dir='ltr'>vobis:</span> <span class='ocrx_word' id='word_1_320' title='bbox 595 1934 620 1969; x_wconf 80' lang='lat'>38</span> <span class='ocrx_word' id='word_1_321' title='bbox 633 1931 684 1982; x_wconf 80' lang='lat' dir='ltr'>date,</span> <span class='ocrx_word' id='word_1_322' title='bbox 696 1937 717 1969; x_wconf 86' lang='lat' dir='ltr'>at</span> <span class='ocrx_word' id='word_1_323' title='bbox 727 1931 806 1970; x_wconf 86' lang='lat' dir='ltr'>dabitur</span> 
     </span>
     <span class='ocr_line' id='line_1_34' title="bbox 43 1987 807 2037; baseline 0 -11"><span class='ocrx_word' id='word_1_324' title='bbox 43 1988 106 2037; x_wconf 82' lang='lat' dir='ltr'>vobis,</span> <span class='ocrx_word' id='word_1_325' title='bbox 122 2001 233 2026; x_wconf 89' lang='lat' dir='ltr'>mensuram</span> <span class='ocrx_word' id='word_1_326' title='bbox 247 1987 318 2026; x_wconf 88' lang='lat' dir='ltr'>bonam</span> <span class='ocrx_word' id='word_1_327' title='bbox 334 1987 452 2025; x_wconf 86' lang='lat' dir='ltr'>cumulatam</span> <span class='ocrx_word' id='word_1_328' title='bbox 467 1987 642 2034; x_wconf 86' lang='lat' dir='ltr'>superfundentem</span> <span class='ocrx_word' id='word_1_329' title='bbox 658 1988 732 2026; x_wconf 86' lang='lat' dir='ltr'>dabunt</span> <span class='ocrx_word' id='word_1_330' title='bbox 746 1989 767 2027; x_wconf 93' lang='lat' dir='ltr'>in</span> <span class='ocrx_word' id='word_1_331' title='bbox 782 1990 807 2026; x_wconf 86' lang='lat' dir='ltr'>si-</span> 
     </span>
     <span class='ocr_line' id='line_1_35' title="bbox 44 2044 807 2091; baseline 0.003 -9"><span class='ocrx_word' id='word_1_332' title='bbox 44 2058 91 2082; x_wconf 89' lang='lat' dir='ltr'>num</span> <span class='ocrx_word' id='word_1_333' title='bbox 106 2051 203 2084; x_wconf 85' lang='lat' dir='ltr'>vestrum:</span> <span class='ocrx_word' id='word_1_334' title='bbox 225 2044 302 2091; x_wconf 83' lang='lat' dir='ltr'>qualem</span> <span class='ocrx_word' id='word_1_335' title='bbox 317 2044 369 2082; x_wconf 87' lang='lat' dir='ltr'>enim</span> <span class='ocrx_word' id='word_1_336' title='bbox 384 2057 495 2082; x_wconf 89' lang='lat' dir='ltr'>mensuram</span> <span class='ocrx_word' id='word_1_337' title='bbox 510 2045 573 2083; x_wconf 89' lang='lat' dir='ltr'>mensi</span> <span class='ocrx_word' id='word_1_338' title='bbox 588 2045 667 2083; x_wconf 84' lang='lat' dir='ltr'>fueritis</span> <span class='ocrx_word' id='word_1_339' title='bbox 690 2045 807 2084; x_wconf 86' lang='lat' dir='ltr'>remetietur</span> 
     </span>
     <span class='ocr_line' id='line_1_36' title="bbox 44 2100 807 2147; baseline 0.001 -8"><span class='ocrx_word' id='word_1_340' title='bbox 44 2100 105 2140; x_wconf 85' lang='lat' dir='ltr'>vobis.</span> <span class='ocrx_word' id='word_1_341' title='bbox 137 2105 163 2139; x_wconf 84' lang='grc'>39</span> <span class='ocrx_word' id='word_1_342' title='bbox 179 2100 264 2139; x_wconf 88' lang='lat' dir='ltr'>Dicebat</span> <span class='ocrx_word' id='word_1_343' title='bbox 279 2100 331 2138; x_wconf 89' lang='lat' dir='ltr'>enim</span> <span class='ocrx_word' id='word_1_344' title='bbox 347 2106 367 2138; x_wconf 87' lang='lat' dir='ltr'>et</span> <span class='ocrx_word' id='word_1_345' title='bbox 381 2100 494 2147; x_wconf 86' lang='lat' dir='ltr'>parabolam</span> <span class='ocrx_word' id='word_1_346' title='bbox 508 2101 554 2140; x_wconf 83' lang='lat' dir='ltr'>illis.</span> <span class='ocrx_word' id='word_1_347' title='bbox 585 2101 682 2147; x_wconf 87' lang='lat' dir='ltr'>Nunquid</span> <span class='ocrx_word' id='word_1_348' title='bbox 689 2107 756 2147; x_wconf 87' lang='lat' dir='ltr'>potest</span> <span class='ocrx_word' id='word_1_349' title='bbox 771 2115 807 2140; x_wconf 87' lang='lat' dir='ltr'>cae-</span> 
     </span>
     <span class='ocr_line' id='line_1_37' title="bbox 43 2157 807 2203; baseline 0 -8"><span class='ocrx_word' id='word_1_350' title='bbox 43 2169 78 2195; x_wconf 87' lang='lat' dir='ltr'>cus</span> <span class='ocrx_word' id='word_1_351' title='bbox 105 2168 156 2196; x_wconf 88' lang='lat' dir='ltr'>caeco</span> <span class='ocrx_word' id='word_1_352' title='bbox 186 2157 279 2195; x_wconf 89' lang='lat' dir='ltr'>ducatum</span> <span class='ocrx_word' id='word_1_353' title='bbox 307 2158 433 2203; x_wconf 71' lang='lat' dir='ltr'>praestaret·</span> <span class='ocrx_word' id='word_1_354' title='bbox 449 2169 513 2195; x_wconf 90' lang='lat' dir='ltr'>nonne</span> <span class='ocrx_word' id='word_1_355' title='bbox 543 2157 599 2196; x_wconf 90' lang='lat' dir='ltr'>ambo</span> <span class='ocrx_word' id='word_1_356' title='bbox 625 2158 646 2195; x_wconf 94' lang='lat' dir='ltr'>in</span> <span class='ocrx_word' id='word_1_357' title='bbox 675 2158 751 2196; x_wconf 85' lang='lat' dir='ltr'>foveam</span> <span class='ocrx_word' id='word_1_358' title='bbox 777 2170 807 2196; x_wconf 89' lang='lat' dir='ltr'>ca-</span> 
     </span>
     <span class='ocr_line' id='line_1_38' title="bbox 44 2213 806 2261; baseline 0.001 -10"><span class='ocrx_word' id='word_1_359' title='bbox 44 2214 107 2252; x_wconf 84' lang='lat' dir='ltr'>dunt?</span> <span class='ocrx_word' id='word_1_360' title='bbox 137 2216 164 2252; x_wconf 86' lang='grc'>40</span> <span class='ocrx_word' id='word_1_361' title='bbox 180 2213 225 2252; x_wconf 90' lang='lat' dir='ltr'>Non</span> <span class='ocrx_word' id='word_1_362' title='bbox 241 2219 272 2252; x_wconf 89' lang='lat' dir='ltr'>est</span> <span class='ocrx_word' id='word_1_363' title='bbox 286 2213 394 2260; x_wconf 88' lang='lat' dir='ltr'>discipulus</span> <span class='ocrx_word' id='word_1_364' title='bbox 409 2227 469 2260; x_wconf 87' lang='lat' dir='ltr'>super</span> <span class='ocrx_word' id='word_1_365' title='bbox 483 2214 608 2261; x_wconf 84' lang='lat' dir='ltr'>magistrum:</span> <span class='ocrx_word' id='word_1_366' title='bbox 624 2214 724 2260; x_wconf 87' lang='lat' dir='ltr'>perfectus</span> <span class='ocrx_word' id='word_1_367' title='bbox 740 2219 806 2253; x_wconf 84' lang='lat' dir='ltr'>autem</span> 
     </span>
     <span class='ocr_line' id='line_1_39' title="bbox 44 2269 805 2317; baseline 0 -9"><span class='ocrx_word' id='word_1_368' title='bbox 44 2271 83 2308; x_wconf 92' lang='lat' dir='ltr'>erit</span> <span class='ocrx_word' id='word_1_369' title='bbox 98 2270 160 2309; x_wconf 88' lang='lat' dir='ltr'>omnis</span> <span class='ocrx_word' id='word_1_370' title='bbox 179 2271 197 2308; x_wconf 81' lang='lat' dir='ltr'>si</span> <span class='ocrx_word' id='word_1_371' title='bbox 217 2270 245 2308; x_wconf 89' lang='lat' dir='ltr'>sit</span> <span class='ocrx_word' id='word_1_372' title='bbox 260 2270 312 2309; x_wconf 89' lang='lat' dir='ltr'>sicut</span> <span class='ocrx_word' id='word_1_373' title='bbox 327 2270 421 2317; x_wconf 82' lang='lat' dir='ltr'>magister</span> <span class='ocrx_word' id='word_1_374' title='bbox 435 2283 496 2309; x_wconf 89' lang='lat' dir='ltr'>meus.</span> <span class='ocrx_word' id='word_1_375' title='bbox 528 2273 554 2308; x_wconf 85' lang='lat'>41</span> <span class='ocrx_word' id='word_1_376' title='bbox 587 2269 640 2316; x_wconf 79' lang='lat' dir='ltr'>Quid</span> <span class='ocrx_word' id='word_1_377' title='bbox 663 2276 728 2308; x_wconf 87' lang='lat' dir='ltr'>autem</span> <span class='ocrx_word' id='word_1_378' title='bbox 750 2271 805 2309; x_wconf 86' lang='lat' dir='ltr'>vides</span> 
     </span>
     <span class='ocr_line' id='line_1_40' title="bbox 43 2326 805 2377; baseline -0.001 -11"><span class='ocrx_word' id='word_1_379' title='bbox 43 2327 141 2366; x_wconf 83' lang='lat' dir='ltr'>festucam</span> <span class='ocrx_word' id='word_1_380' title='bbox 156 2327 177 2365; x_wconf 92' lang='lat' dir='ltr'>in</span> <span class='ocrx_word' id='word_1_381' title='bbox 192 2326 248 2365; x_wconf 90' lang='lat' dir='ltr'>oculo</span> <span class='ocrx_word' id='word_1_382' title='bbox 263 2327 331 2365; x_wconf 83' lang='lat' dir='ltr'>fratris</span> <span class='ocrx_word' id='word_1_383' title='bbox 347 2327 384 2377; x_wconf 63' lang='lat' dir='ltr'>tui,</span> <span class='ocrx_word' id='word_1_384' title='bbox 410 2326 487 2365; x_wconf 85' lang='lat' dir='ltr'>trabem</span> <span class='ocrx_word' id='word_1_385' title='bbox 506 2333 572 2365; x_wconf 91' lang='lat' dir='ltr'>autem</span> <span class='ocrx_word' id='word_1_386' title='bbox 587 2340 632 2374; x_wconf 87' lang='lat' dir='ltr'>quae</span> <span class='ocrx_word' id='word_1_387' title='bbox 655 2332 685 2365; x_wconf 88' lang='lat' dir='ltr'>est</span> <span class='ocrx_word' id='word_1_388' title='bbox 706 2328 731 2365; x_wconf 91' lang='lat' dir='ltr'>in</span> <span class='ocrx_word' id='word_1_389' title='bbox 750 2327 805 2366; x_wconf 89' lang='lat' dir='ltr'>oculo</span> 
     </span>
     <span class='ocr_line' id='line_1_41' title="bbox 44 2382 806 2430; baseline 0.001 -9"><span class='ocrx_word' id='word_1_390' title='bbox 44 2390 78 2422; x_wconf 86' lang='lat' dir='ltr'>tuo</span> <span class='ocrx_word' id='word_1_391' title='bbox 94 2398 133 2423; x_wconf 87' lang='lat' dir='ltr'>non</span> <span class='ocrx_word' id='word_1_392' title='bbox 147 2384 216 2423; x_wconf 83' lang='lat' dir='ltr'>vides?</span> <span class='ocrx_word' id='word_1_393' title='bbox 246 2386 273 2421; x_wconf 80' lang='lat'>42</span> <span class='ocrx_word' id='word_1_394' title='bbox 289 2383 333 2421; x_wconf 85' lang='lat' dir='ltr'>Aut</span> <span class='ocrx_word' id='word_1_395' title='bbox 348 2384 445 2429; x_wconf 86' lang='lat' dir='ltr'>quomodo</span> <span class='ocrx_word' id='word_1_396' title='bbox 461 2389 517 2430; x_wconf 85' lang='lat' dir='ltr'>potes</span> <span class='ocrx_word' id='word_1_397' title='bbox 540 2383 605 2422; x_wconf 89' lang='lat' dir='ltr'>dicere</span> <span class='ocrx_word' id='word_1_398' title='bbox 628 2384 686 2422; x_wconf 88' lang='lat' dir='ltr'>fratri</span> <span class='ocrx_word' id='word_1_399' title='bbox 708 2389 743 2422; x_wconf 88' lang='lat' dir='ltr'>tue</span> <span class='ocrx_word' id='word_1_400' title='bbox 758 2382 806 2423; x_wconf 81' lang='lat' dir='ltr'>Sine</span> 
     </span>
     <span class='ocr_line' id='line_1_42' title="bbox 43 2439 806 2489; baseline 0.003 -11"><span class='ocrx_word' id='word_1_401' title='bbox 43 2441 121 2479; x_wconf 87' lang='lat' dir='ltr'>eiiciam</span> <span class='ocrx_word' id='word_1_402' title='bbox 136 2440 228 2488; x_wconf 81' lang='lat' dir='ltr'>stipulam</span> <span class='ocrx_word' id='word_1_403' title='bbox 245 2440 269 2478; x_wconf 90' lang='lat' dir='ltr'>de</span> <span class='ocrx_word' id='word_1_404' title='bbox 285 2440 339 2478; x_wconf 84' lang='lat' dir='ltr'>oculo</span> <span class='ocrx_word' id='word_1_405' title='bbox 355 2445 396 2489; x_wconf 86' lang='lat' dir='ltr'>tuo,</span> <span class='ocrx_word' id='word_1_406' title='bbox 420 2444 441 2478; x_wconf 88' lang='lat' dir='ltr'>et</span> <span class='ocrx_word' id='word_1_407' title='bbox 463 2453 508 2479; x_wconf 89' lang='lat' dir='ltr'>ecce</span> <span class='ocrx_word' id='word_1_408' title='bbox 523 2440 544 2478; x_wconf 92' lang='lat' dir='ltr'>in</span> <span class='ocrx_word' id='word_1_409' title='bbox 559 2441 614 2479; x_wconf 88' lang='lat' dir='ltr'>oculo</span> <span class='ocrx_word' id='word_1_410' title='bbox 630 2446 664 2479; x_wconf 86' lang='lat' dir='ltr'>tuo</span> <span class='ocrx_word' id='word_1_411' title='bbox 680 2439 747 2478; x_wconf 84' lang='lat' dir='ltr'>trabes</span> <span class='ocrx_word' id='word_1_412' title='bbox 763 2440 806 2480; x_wconf 88' lang='lat' dir='ltr'>sub·</span> 
     </span>
     <span class='ocr_line' id='line_1_43' title="bbox 43 2496 807 2548; baseline -0.001 -13"><span class='ocrx_word' id='word_1_413' title='bbox 43 2497 109 2536; x_wconf 84' lang='lat' dir='ltr'>iacet?</span> <span class='ocrx_word' id='word_1_414' title='bbox 125 2497 242 2547; x_wconf 73' lang='lat' dir='ltr'>Hypocrita,</span> <span class='ocrx_word' id='word_1_415' title='bbox 258 2497 307 2535; x_wconf 89' lang='lat' dir='ltr'>eiice</span> <span class='ocrx_word' id='word_1_416' title='bbox 321 2496 406 2543; x_wconf 86' lang='lat' dir='ltr'>primum</span> <span class='ocrx_word' id='word_1_417' title='bbox 421 2496 497 2535; x_wconf 88' lang='lat' dir='ltr'>trabem</span> <span class='ocrx_word' id='word_1_418' title='bbox 513 2497 537 2535; x_wconf 90' lang='lat' dir='ltr'>de</span> <span class='ocrx_word' id='word_1_419' title='bbox 553 2497 609 2537; x_wconf 88' lang='lat' dir='ltr'>oculo</span> <span class='ocrx_word' id='word_1_420' title='bbox 624 2502 667 2548; x_wconf 72' lang='lat' dir='ltr'>tuo,</span> <span class='ocrx_word' id='word_1_421' title='bbox 682 2503 703 2535; x_wconf 87' lang='lat' dir='ltr'>et</span> <span class='ocrx_word' id='word_1_422' title='bbox 717 2503 764 2535; x_wconf 85' lang='lat' dir='ltr'>tunc</span> <span class='ocrx_word' id='word_1_423' title='bbox 778 2498 807 2535; x_wconf 89' lang='lat' dir='ltr'>vi-</span> 
     </span>
     <span class='ocr_line' id='line_1_44' title="bbox 44 2553 806 2593; baseline 0.001 -2"><span class='ocrx_word' id='word_1_424' title='bbox 44 2553 99 2592; x_wconf 88' lang='lat' dir='ltr'>debis</span> <span class='ocrx_word' id='word_1_425' title='bbox 115 2554 187 2593; x_wconf 87' lang='lat' dir='ltr'>eiieere</span> <span class='ocrx_word' id='word_1_426' title='bbox 203 2555 300 2593; x_wconf 87' lang='lat' dir='ltr'>festucam</span> <span class='ocrx_word' id='word_1_427' title='bbox 315 2553 339 2591; x_wconf 89' lang='lat' dir='ltr'>de</span> <span class='ocrx_word' id='word_1_428' title='bbox 355 2553 411 2593; x_wconf 86' lang='lat' dir='ltr'>oculo</span> <span class='ocrx_word' id='word_1_429' title='bbox 427 2554 496 2591; x_wconf 85' lang='lat' dir='ltr'>fratris</span> <span class='ocrx_word' id='word_1_430' title='bbox 516 2554 552 2593; x_wconf 90' lang='lat' dir='ltr'>tui.</span> <span class='ocrx_word' id='word_1_431' title='bbox 583 2557 609 2592; x_wconf 86' lang='lat'>43</span> <span class='ocrx_word' id='word_1_432' title='bbox 640 2553 686 2592; x_wconf 89' lang='lat' dir='ltr'>Non</span> <span class='ocrx_word' id='word_1_433' title='bbox 701 2560 732 2592; x_wconf 92' lang='lat' dir='ltr'>est</span> <span class='ocrx_word' id='word_1_434' title='bbox 754 2554 806 2592; x_wconf 84' lang='lat' dir='ltr'>enim</span> 
     </span>
     <span class='ocr_line' id='line_1_45' title="bbox 44 2609 807 2658; baseline 0.001 -10"><span class='ocrx_word' id='word_1_435' title='bbox 44 2610 102 2650; x_wconf 88' lang='lat' dir='ltr'>arbor</span> <span class='ocrx_word' id='word_1_436' title='bbox 116 2610 167 2650; x_wconf 87' lang='lat' dir='ltr'>bona</span> <span class='ocrx_word' id='word_1_437' title='bbox 181 2610 256 2650; x_wconf 87' lang='lat' dir='ltr'>faciens</span> <span class='ocrx_word' id='word_1_438' title='bbox 271 2611 348 2648; x_wconf 86' lang='lat' dir='ltr'>fructus</span> <span class='ocrx_word' id='word_1_439' title='bbox 363 2609 431 2658; x_wconf 64' lang='lat' dir='ltr'>malos</span> <span class='ocrx_word' id='word_1_440' title='bbox 448 2622 512 2656; x_wconf 87' lang='lat' dir='ltr'>neque</span> <span class='ocrx_word' id='word_1_441' title='bbox 528 2610 586 2649; x_wconf 88' lang='lat' dir='ltr'>arbor</span> <span class='ocrx_word' id='word_1_442' title='bbox 604 2610 655 2648; x_wconf 90' lang='lat' dir='ltr'>mala</span> <span class='ocrx_word' id='word_1_443' title='bbox 669 2610 743 2648; x_wconf 82' lang='lat' dir='ltr'>faciens</span> <span class='ocrx_word' id='word_1_444' title='bbox 766 2611 807 2649; x_wconf 85' lang='lat' dir='ltr'>fru-</span> 
     </span>
     <span class='ocr_line' id='line_1_46' title="bbox 44 2666 807 2714; baseline 0.003 -9"><span class='ocrx_word' id='word_1_445' title='bbox 44 2672 87 2706; x_wconf 87' lang='lat' dir='ltr'>ctus</span> <span class='ocrx_word' id='word_1_446' title='bbox 102 2668 169 2707; x_wconf 89' lang='lat' dir='ltr'>bonos.</span> <span class='ocrx_word' id='word_1_447' title='bbox 201 2670 228 2706; x_wconf 80' lang='lat'>44</span> <span class='ocrx_word' id='word_1_448' title='bbox 244 2667 373 2714; x_wconf 85' lang='lat' dir='ltr'>Unaquaeque</span> <span class='ocrx_word' id='word_1_449' title='bbox 390 2666 448 2705; x_wconf 91' lang='lat' dir='ltr'>arbor</span> <span class='ocrx_word' id='word_1_450' title='bbox 456 2680 480 2705; x_wconf 81' lang='lat' dir='ltr'>ex</span> <span class='ocrx_word' id='word_1_451' title='bbox 495 2667 563 2706; x_wconf 89' lang='lat' dir='ltr'>fructu</span> <span class='ocrx_word' id='word_1_452' title='bbox 570 2681 605 2706; x_wconf 89' lang='lat' dir='ltr'>suo</span> <span class='ocrx_word' id='word_1_453' title='bbox 614 2674 751 2714; x_wconf 84' lang='lat' dir='ltr'>cognoscetur:</span> <span class='ocrx_word' id='word_1_454' title='bbox 768 2681 807 2707; x_wconf 88' lang='lat' dir='ltr'>non</span> 
     </span>
     <span class='ocr_line' id='line_1_47' title="bbox 43 2723 809 2773; baseline 0.004 -12"><span class='ocrx_word' id='word_1_455' title='bbox 43 2724 96 2762; x_wconf 89' lang='lat' dir='ltr'>enim</span> <span class='ocrx_word' id='word_1_456' title='bbox 104 2724 198 2772; x_wconf 82' lang='lat' dir='ltr'>colligunt</span> <span class='ocrx_word' id='word_1_457' title='bbox 206 2725 230 2763; x_wconf 90' lang='lat' dir='ltr'>de</span> <span class='ocrx_word' id='word_1_458' title='bbox 239 2723 361 2773; x_wconf 69' lang='lat' dir='ltr'>spinaticos,</span> <span class='ocrx_word' id='word_1_459' title='bbox 370 2736 434 2771; x_wconf 83' lang='lat' dir='ltr'>neque</span> <span class='ocrx_word' id='word_1_460' title='bbox 443 2723 466 2761; x_wconf 89' lang='lat' dir='ltr'>de</span> <span class='ocrx_word' id='word_1_461' title='bbox 477 2723 526 2763; x_wconf 88' lang='lat' dir='ltr'>rubo</span> <span class='ocrx_word' id='word_1_462' title='bbox 532 2724 654 2763; x_wconf 87' lang='lat' dir='ltr'>vindemiant</span> <span class='ocrx_word' id='word_1_463' title='bbox 661 2737 715 2763; x_wconf 79' lang='lat' dir='ltr'>uvas</span> <span class='ocrx_word' id='word_1_464' title='bbox 734 2727 759 2763; x_wconf 84' lang='lat'>45</span> <span class='ocrx_word' id='word_1_465' title='bbox 769 2725 809 2764; x_wconf 87' lang='lat' dir='ltr'>Bo-</span> 
     </span>
    </p>
   </div>
   <div class='ocr_carea' id='block_1_5' title="bbox 0 0 924 2928">
    <p class='ocr_par' dir='ltr' id='par_1_5' title="bbox 0 0 924 2928">
     <span class='ocr_line' id='line_1_48' title="bbox 0 0 924 2928; baseline 0 1"><span class='ocrx_word' id='word_1_466' title='bbox 0 0 924 2928; x_wconf 95' lang='lat' dir='ltr'> </span> 
     </span>
    </p>
   </div>
  </div>
 </body>
</html>
