1869 2914
114 90 141 125 24
458 78 493 114 Er.
508 88 542 114 sec.
767 80 786 116 G.
800 80 828 117 18.
843 81 870 116 19.

114 211 193 256 septies.
210 213 235 246 23
251 208 301 246 Ideo
316 206 380 245 simile
396 210 426 244 est
439 218 520 252 regnum
535 204 628 243 caelorum
643 206 718 244 homiui
732 206 774 252 regi
789 207 823 253 qui
837 219 870 244 vo-

112 267 150 305 luit
164 265 262 304 racionem
278 277 350 311 ponere
366 274 409 300 cum
425 261 487 300 servis
502 261 549 301 suis.
570 261 699 300 1111111
722 263 819 309 coepisset
840 276 870 300 ra-

113 324 188 360 cionem
210 334 289 369 ponere,
316 319 392 358 oblatus
415 324 446 356 est
468 317 486 355 ei
508 330 558 355 unus
582 318 615 364 qui
637 318 721 357 debebat
742 325 820 357 eentum
842 324 870 357 ta-

97 379 170 418 lenta.
195 382 220 416 25
239 376 287 416 Cum
303 381 367 414 autem
383 387 422 412 non
440 373 526 411 hahebat
548 374 600 411 uude
623 373 722 424 redderet,
744 375 803 415 iussit
826 389 870 413 eum

113 436 202 475 dominus
218 435 259 484 eius
269 431 377 473 venundari
393 436 413 469 11
427 442 508 469 uxorem
524 430 566 469 eius
582 435 604 481 et
611 430 662 469 filios
675 437 695 470 et
710 432 775 470 omnia
783 444 827 479 quae
836 432 869 470 ha-

112 494 176 544 bebat,
192 500 215 532 ut·
230 492 322 532 redderet
337 489 430 529 debitum.
448 493 474 528 21
490 488 598 528 Proeidens
614 495 679 528 autem
702 503 770 529 servus
791 489 870 529 111111-

112 552 170 599 gabat
185 551 284 589 dominum
299 561 356 587 suum
371 548 438 585 diceus
452 546 577 585 Pacienciam
598 545 649 586 habe
664 547 685 585 in
700 560 738 594 me,
762 553 782 586 et
805 549 869 586 omnia

111 609 190 647 reddam
206 607 249 647 tibi.
273 603 453 645 211111111111111
475 609 540 642 autem
555 609 621 642 motus
637 604 726 643 dominus
748 606 800 643 servi
814 604 868 643 illius

111 665 198 704 debitum
223 664 300 703 remisit
325 663 349 702 ei.
374 665 400 700 28
423 661 535 709 Regressus
554 667 620 701 autem
642 674 711 701 servus
735 661 768 700 ille
793 663 870 701 invenit

110 738 170 761 unum
186 723 209 761 de
225 720 380 760 conservissuis
397 720 428 767 qui
446 719 529 758 dedebat
545 719 562 758 ei
571 725 649 760 centum
658 719 755 767 denarios,
772 727 792 759 et
800 727 868 759 teneus

111 779 217 818 suffocabat
232 792 276 817 eum
292 778 358 815 dicens
365 776 434 814 Redde
449 776 501 823 quod
516 776 581 814 debes,
598 781 623 813 29
639 776 777 822 Etprocidens
793 790 868 815 conser-

109 850 146 875 1111
162 836 204 874 eius
219 835 300 883 rogabat
315 847 360 872 eum
375 833 441 871 dicens
456 832 579 871 Pacientiam
593 832 644 871 habe
659 833 738 882 inme,
762 839 782 872 et
804 835 869 871 omnia

110 894 190 933 reddam
205 892 248 932 tibi.
281 895 306 930 30
330 884 367 929 1111
383 895 448 928 autem
464 889 533 938 noluit,
558 889 592 928 sed
608 889 657 928 abiit
673 895 693 928 et
707 891 762 929 misit
781 904 825 929 eum
848 892 868 929 in

110 962 208 988 carcerem
224 949 285 987 donec
305 948 397 986 redderet
412 946 505 986 debitum.
531 950 555 983 31
580 946 676 984 Videntes
699 952 765 985 autem
780 948 869 986 conservi

78 1038 82 1045 .
109 1003 565 1054 1111111111111111111111111111111111,
589 1008 609 1040 et
627 1009 782 1041 ennarraverunt
804 1005 869 1042 omnia

109 1075 153 1109 quae
168 1063 220 1100 facta
228 1063 307 1099 fuerant
315 1060 393 1098 domino
401 1072 443 1098 suo.
460 1063 486 1096 32
503 1057 558 1096 Tunc
567 1060 645 1097 vocavit
654 1059 709 1097 illum
721 1060 810 1098 dominus
820 1074 868 1100 suus

109 1127 129 1157 11
145 1120 173 1156 ait
188 1118 217 1156 illi
232 1117 322 1164 Nequam
338 1129 399 1164 serre,
416 1127 471 1153 omne
487 1115 574 1152 debitum
590 1116 657 1153 remisi
672 1116 715 1166 tibi,
734 1117 780 1163 quia
794 1118 868 1164 rogasti

109 1185 150 1213 me:
176 1179 200 1212 33
221 1187 284 1212 noune
308 1185 353 1219 ergo
375 1171 463 1217 oportuit
485 1178 505 1208 te
527 1172 617 1209 misereri
639 1183 732 1210 conservo
752 1178 792 1220 tuo,
816 1174 869 1211 sicut

109 1238 130 1269 et
145 1243 180 1278 ego
196 1230 226 1267 tui
240 1230 333 1267 misertus
349 1229 407 1265 sum?
424 1231 448 1265 35
470 1226 499 1265 Et
521 1227 584 1270 iratus
608 1227 697 1265 dominus
720 1228 763 1266 eius
785 1228 868 1267 tradidit

109 1301 154 1327 eum
168 1286 284 1332 tortoribus,
307 1284 433 1334 quoadusque
448 1283 541 1322 redderet
555 1284 668 1322 uniuersum
681 1283 769 1323 debitum
793 1290 817 1324 35
835 1284 867 1324 Sic

109 1353 129 1384 et
143 1344 199 1384 vobis
215 1344 275 1385 faciet
289 1351 346 1391 pater
360 1355 415 1381 meus
431 1342 465 1388 qui
479 1341 500 1380 in
515 1341 568 1380 caelis
590 1347 625 1391 est,
649 1342 666 1386 si
689 1355 727 1381 non
749 1343 869 1382 remiseritis

108 1403 243 1450 unusquisque
258 1401 318 1440 fratri
333 1413 368 1439 suo
384 1400 407 1438 de
423 1398 514 1438 cordibus
529 1399 606 1438 vestris.

166 1456 227 1502 XIX.
260 1464 268 1497 1
300 1458 328 1496 Et
352 1458 426 1495 factum
452 1463 483 1494 est
511 1469 555 1495 eum
581 1456 659 1495 locutus
687 1465 740 1496 esset
766 1471 866 1497 sermones

109 1517 164 1563 istos,
188 1516 290 1555 transtulit
313 1528 333 1553 se
349 1528 360 1552 1
376 1513 458 1553 Galilaea
474 1520 494 1551 et
516 1514 569 1552 venit
592 1513 612 1551 iu
628 1514 698 1553 finibus
713 1514 789 1553 Iudae
812 1521 867 1554 trans

109 1573 219 1620 lordanem,
243 1577 255 1610 2
279 1577 299 1609 11
314 1576 387 1609 secutae
408 1576 454 1608 sunt
472 1583 516 1608 eum
539 1570 603 1608 turbae
623 1571 691 1609 multae
707 1577 727 1609 et
742 1573 819 1610 curavit
834 1586 866 1611 eos

108 1629 142 1668 ibi.
174 1635 184 1668 3
206 1629 235 1667 111
249 1633 374 1667 accesserunt
389 1628 413 1665 ad
429 1641 472 1666 eum
487 1627 585 1666 Pharisaei
600 1633 719 1674 temptantes
735 1642 779 1667 eum
802 1635 822 1667 et
837 1630 865 1669 di·

108 1692 173 1725 centes
189 1686 218 1723 illi
234 1685 255 1724 Si
270 1686 317 1723 licet
332 1685 406 1722 homini
422 1684 522 1722 dimittere
538 1696 619 1722 uxorem
634 1698 688 1722 suam
712 1697 826 1733 quacunque
842 1699 866 1724 ex

107 1745 177 1781 eausa?
207 1744 219 1780 4
241 1741 270 1780 111
291 1741 411 1788 respondeus
433 1740 489 1778 Iesus
512 1741 541 1778 ait
563 1741 591 1778 eis
613 1740 659 1779 Non
680 1740 756 1787 legistis
771 1743 817 1789 quia
832 1744 866 1790 qui

106 1800 155 1839 11111
169 1799 193 1838 ab
208 1799 266 1838 inicio
275 1798 382 1836 masculum
397 1804 417 1836 et
431 1798 523 1836 feminam
531 1797 579 1835 fecit
587 1810 627 1845 eos,
643 1803 654 1836 5
671 1804 691 1836 et
699 1798 750 1836 dixit
757 1798 867 1846 Propterea

105 1856 204 1904 relinquet
219 1856 277 1894 homo
292 1863 368 1901 patrem
384 1864 419 1892 aut
433 1860 516 1892 matrem
532 1860 552 1891 et
567 1853 677 1893 adhaerebit
696 1856 754 1893 uxori
773 1869 821 1905 suae,
845 1863 867 1895 11

107 1918 164 1950 erunt
180 1912 218 1949 duo
233 1913 253 1949 in
269 1912 394 1949 carneuna?
418 1915 428 1947 6
452 1909 522 1956 Itaque
538 1910 576 1947 iam
592 1923 630 1949 non
645 1916 692 1949 sunt
707 1912 745 1950 duo
768 1913 803 1949 sed
826 1927 864 1951 una

107 1979 157 2007 caro.
189 1965 246 2011 Quod
263 1979 307 2013 ergo
323 1966 371 2003 deus
387 1966 458 2013 iunxit,
474 1966 531 2004 homo
547 1979 585 2003 uon
600 1973 685 2017 separet,
712 1970 722 2006 7
746 1968 821 2005 Dicunt
835 1969 864 2007 illi

107 2022 161 2069 Quid
176 2036 221 2069 ergo
237 2023 317 2067 Moyses
333 2021 433 2059 mandavit
448 2021 490 2059 dari
511 2021 598 2060 libellum
620 2024 698 2068 repudii
721 2028 742 2061 et
764 2025 864 2063 dimittere

105 2081 201 2119 uxorem?
218 2083 229 2117 8
245 2079 282 2116 Ait
296 2077 335 2116 illis
350 2077 406 2117 lesus
423 2076 474 2123 Quia
489 2078 514 2116 ad
529 2078 623 2118 duriciam
639 2079 702 2119 cordis
717 2081 779 2118 vestri
793 2082 865 2129 permi-

106 2138 133 2176 sit
147 2136 203 2176 robis
218 2136 298 2182 Moyses
314 2136 413 2175 dimittere
427 2149 499 2175 uxores
514 2142 601 2176 vestras:
624 2137 648 2176 ab
666 2136 725 2176 inicio
745 2143 810 2176 autem
825 2152 864 2178 non

105 2195 145 2234 fuit
160 2195 195 2233 sic.
220 2199 229 2232 9
247 2194 296 2233 Dico
313 2203 377 2232 autem
393 2193 448 2233 vobis
464 2194 574 2243 quicunque
596 2195 694 2234 dimiserit
711 2207 792 2235 uxorem
808 2210 863 2236 suain

106 2258 187 2300 excepta
203 2264 262 2291 causa
276 2251 413 2290 fornicaciouis
429 2257 450 2290 11
464 2251 521 2290 aliam
537 2253 622 2303 duxerit,
645 2254 766 2301 moechatur,
789 2260 810 2293 et
829 2255 863 2302 qui

105 2310 205 2348 dimissam
221 2309 306 2354 duxerit,
321 2309 441 2348 moechatur.
459 2305 491 2362 [10
507 2309 584 2348 Dicunt
598 2311 617 2348 ei
632 2311 724 2358 discipuli
739 2311 781 2349 eius
797 2310 819 2349 Si
834 2312 863 2349 ita

105 2373 136 2404 est
151 2378 209 2404 causa
223 2365 262 2403 viri
278 2377 321 2403 cum
336 2377 403 2414 uxore,
427 2378 466 2404 non
481 2366 561 2412 expedit
575 2365 664 2418 nuberel.
697 2372 719 2404 11
745 2367 782 2405 Ait
796 2373 862 2405 autem

104 2422 143 2461 illis
159 2421 216 2460 Iesus
231 2421 276 2460 Nou
292 2435 358 2460 omnes
373 2422 453 2469 capiunt
468 2420 551 2462 verbum
566 2423 620 2470 illud,
645 2423 680 2462 sed
701 2423 772 2471 quibus
795 2424 862 2463 datum

104 2485 140 2518 est.
166 2483 191 2516 12
213 2477 685 2527 81111111111111111111ᾳηί[11111111111111
708 2481 817 2531 summai,
841 2490 863 2520 et

104 2540 150 2573 sunt
165 2535 260 2582 spadones
277 2535 310 2581 qui
325 2534 373 2572 faeti
389 2542 435 2573 sunt
450 2536 473 2574 ab
489 2530 644 2583 111111111111
659 2541 706 2573 suut
717 2536 812 2582 spadones
828 2539 862 2585 qui

103 2604 123 2628 se
140 2592 193 2638 ipsos
209 2595 345 2629 castraverunt
354 2597 435 2637 propter
449 2605 530 2639 regnum
546 2593 643 2630 caelorum.
670 2589 709 2637 Qui
719 2599 862 2641 potestcapere

104 2648 174 2694 capiat.
200 2651 223 2685 13
241 2647 296 2685 Tunc
312 2647 372 2685 oblati
388 2653 434 2686 sunt
449 2649 467 2687 ei
482 2649 567 2687 infantes
582 2655 606 2687 ut
620 2662 688 2686 manus
707 2649 735 2687 eis
751 2650 861 2697 imponeret

103 2709 124 2741 et
139 2708 213 2754 oraretg
230 2703 321 2749 discipuli
337 2710 403 2742 autem
419 2706 461 2743 eius
476 2705 606 2751 prohibebant
621 2717 661 2743 eos.
687 2707 711 2743 14
735 2705 791 2744 lesus
814 2721 859 2746 vero

102 2760 131 2798 ait
146 2759 209 2799 Sinite
224 2759 316 2810 infantes,
333 2766 354 2798 et
368 2760 428 2800 nolite
445 2774 477 2800 eos
492 2762 596 2808 prohibere
612 2762 682 2800 adme
697 2764 774 2801 venire:
791 2763 860 2802 talium
