1869 2914
99 79 140 114 131
428 72 464 108 nv,
477 82 514 108 sec,
531 69 535 74 '
711 59 713 63 ’
764 87 766 90 >
796 76 859 111 616.

97 199 192 238 lanternis
208 205 229 238 et
243 198 313 238 faculis
329 194 349 238 et
364 199 429 240 armis.
461 202 473 236 t
494 198 551 238 166116
574 206 640 239 autem
655 200 718 239 sciens
734 200 799 239 omnia
815 212 860 247 quae

97 262 180 295 ventura
195 261 252 294 erant
266 268 326 303 super
341 270 391 305 eum,
408 256 457 294 exiit
472 263 493 294 et
507 256 536 294 ait
550 256 590 295 illis
598 255 662 302 Quem
673 257 776 305 quaeritis?
793 262 804 296 5
820 257 859 295 Rc·

97 313 219 359 sponderunt
234 312 253 351 ei
267 312 335 351 Iesum
349 312 478 351 Nazarenum.
495 312 551 351 Dicit
566 314 594 352 eis
605 312 662 352 Iesus
677 313 719 361 Ego
735 327 784 353 sum.
816 312 860 352 Sta·

97 370 132 408 bat
147 376 212 408 autem
229 376 249 408 et
263 369 330 418 Iudas,
353 371 387 416 qui
401 369 511 408 traditurus
527 375 570 408 erat
585 383 635 417 eum,
659 383 702 409 cum
717 371 772 417 ipsis.
804 369 860 410 tUt

97 438 143 473 ergo
159 427 212 465 dixit
226 426 266 465 illis
281 426 323 473 Ego
346 439 395 474 sum,
419 426 511 465 abierunt
533 433 641 465 retrorsum
664 432 684 465 et
704 427 817 465 ceciderunt
838 428 859 465 iu

97 490 176 523 terram.
209 486 220 521 7
243 482 320 521 Iterum
335 482 393 522 Iesus
414 479 591 531 eos'interrogavit
606 481 669 529 Quem
692 484 796 531 quaeritis?
825 482 859 523 Illi

97 546 163 578 autem
179 540 271 578 dixerunt
285 539 353 578 Iesum
368 539 499 580 Nazarenum.
522 543 532 578 8
549 540 660 587 Respondit
667 539 725 578 Iesus
739 539 788 578 Dixi
802 539 860 579 vobis

97 596 517 644 (611666666616161661166116611116,
541 596 600 635 sinite
614 609 653 650 *eos
668 597 704 635 ire.
736 601 747 634 9
770 596 800 636 Ut
821 597 858 635 im-

96 653 174 700 pleatur
190 665 252 691 sermo
269 665 326 699 quem
342 652 393 691 dixit
410 650 462 698 Quia
477 665 525 701 quos
546 652 619 691 dedisti
641 653 697 699 mihi,
720 665 758 691 non
780 653 860 700 perdidi

97 722 121 748 cx
136 710 184 757 ipsis
200 722 323 756 quemqnam.
356 714 380 749 10
404 708 471 748 Simon
494 710 555 756 igitur
577 709 651 748 Petrus
673 709 747 749 habens
772 710 858 757 gladium

96 766 165 805 eduxit
180 779 225 805 eum
241 772 262 804 61
276 767 375 813 percussit
389 779 468 804 servum
482 766 576 813 principis
599 766 723 805 sacerdotum
738 771 759 805 et
773 766 858 806 abscidit

97 824 138 862 eius
154 822 263 862 auriculam
279 823 376 864 dextram:
400 829 443 861 erat
464 829 529 862 autem
545 836 614 862 nomen
629 836 686 862 servo
701 823 799 863 Malchus.
831 827 855 862 11

33 920 35 923 ,
96 880 155 918 Dixit
170 893 215 926 crgo
230 879 288 918 Iesus
302 879 364 918 Petro
379 880 438 917 Mitte
453 879 575 926 gladiumin
589 880 678 926 vaginam
696 892 760 919 suam:
777 880 857 918 calicem

96 949 153 982 quem
169 936 225 974 dedit
239 936 288 974 mihi
302 942 360 982 pater
375 949 412 974 non
427 936 457 974 vis
473 942 497 974 ut
510 935 576 974 bibam
591 935 660 974 illum?
691 940 716 974 12
733 934 857 984 0611616161-

96 1006 129 1031 tur
144 1001 165 1031 et
179 992 271 1032 tribunus
287 998 308 1031 et
321 993 408 1031 ministri
421 992 535 1031 ludaeorum
551 992 740 1039 comprehenderunt
754 992 821 1031 Iesum
837 1000 858 1032 et

95 1050 206 1096 ligaverunt
221 1062 271 1098 eum,
309 1053 333 1087 13
365 1055 386 1088 et
400 1048 525 1087 adduxerunt
547 1049 572 1087 ad
586 1049 665 1087 cannam
687 1050 781 1096 primum:
814 1057 856 1088 erat

96 1106 146 1144 enim
162 1118 218 1144 socer
233 1103 321 1155 Caiphae,
338 1106 371 1151 qui
387 1111 430 1143 erat
444 1105 534 1151 pontifex
550 1106 595 1143 anni
610 1105 675 1144 itliusi
709 1101 739 1143 14'
759 1112 802 1144 erat
824 1119 858 1144 au—

95 1171 134 1200 tem
150 1161 235 1209 Caiphas
251 1163 284 1211 qui
299 1162 401 1201 consilium
417 1162 472 1200 dedit
487 1164 515 1200 eis
525 1160 576 1208 Quia
592 1162 672 1208 expedit
686 1174 745 1201 unum
757 1163 857 1201 hominem

95 1219 145 1257 mori
160 1232 195 1265 pro
211 1219 289 1264 populo.
322 1223 346 1256 15
363 1218 486 1265 Sequebatur
501 1226 567 1257 autem
581 1217 648 1257 Simon
662 1218 735 1257 Petrus
753 1219 820 1257 Iesum
835 1225 856 1257 et

95 1275 145 1314 alius
161 1274 280 1322 discipulus:
297 1273 405 1321 discipulus
421 1281 487 1313 autem
502 1274 536 1314 ille
552 1281 610 1313 notus
625 1280 668 1313 erat
687 1273 771 1322 principi
793 1288 855 1314 sacer-

94 1332 163 1371 dotum
179 1339 199 1370 et
214 1331 273 1371 simul
288 1331 379 1371 introivit
394 1345 438 1370 cum
448 1330 495 1370 Iesu
510 1332 531 1370 in
539 1329 611 1370 atrium
618 1331 723 1380 pontificis,
741 1336 765 1371 16
781 1332 856 1371 Ρ61166

94 1402 141 1427 vero
157 1388 222 1427 stabat
237 1388 262 1426 ad
277 1389 355 1426 ianuam
370 1389 425 1426 foris
455 1388 512 1426 Exiit
527 1401 572 1435 ergo
583 1389 691 1434 discipulus
706 1389 739 1426 1116
755 1389 805 1427 alius
820 1389 855 1434 qui

95 1451 138 1484 erat
158 1451 216 1483 notus
238 1444 327 1491 pontifici
349 1450 370 1483 et
392 1445 443 1483 dixit
464 1444 573 1495 hostiariae,
597 1451 617 1483 et
639 1445 751 1483 introduxit
764 1445 853 1484 Petrum.

97 1503 121 1540 17
133 1502 188 1539 Dicit
203 1514 248 1548 ergo
256 1501 317 1539 Petro
328 1501 362 1538 illa
372 1501 442 1539 ancilla
451 1502 547 1539 hostiaria
555 1501 649 1547 Nunquid
660 1507 680 1539 et
690 1508 713 1540 tu
720 1515 745 1540 ex
753 1502 854 1548 discipulis

94 1573 115 1596 es
130 1558 215 1597 hominis
230 1558 304 1595 huius?
338 1558 375 1595 Ait
389 1557 419 1595 illi
433 1557 478 1595 Non
494 1571 542 1596 sum.
576 1561 600 1596 18
623 1556 707 1596 Stabant
721 1564 787 1596 autem
802 1558 855 1597 servi

93 1622 114 1653 et
128 1615 214 1653 ministri
229 1613 254 1652 ad
268 1627 348 1664 prunas,
364 1614 410 1662 quia
424 1614 487 1661 frigus
503 1619 552 1663 erat,
568 1619 589 1653 et
598 1613 747 1654 calefaciebant:
764 1620 807 1653 erat
822 1628 854 1653 au—

93 1680 133 1710 tem
148 1684 192 1710 cum
207 1672 236 1709 eis
255 1677 275 1709 et
289 1670 362 1709 Petrus
385 1677 439 1709 stans
463 1677 483 1709 et
504 1670 620 1709 calefaciens
643 1684 669 1711 se.
710 1675 734 1709 19
757 1671 853 1718 Princeps

92 1741 137 1776 ergo
153 1728 278 1767 sacerdotum
292 1728 421 1775 interrogavit
435 1727 502 1766 Iesum
525 1728 548 1766 de
571 1728 672 1774 discipulis
688 1728 730 1766 eius
746 1735 766 1766 61
781 1728 805 1766 de
821 1728 853 1766 do-

93 1785 156 1823 ctrina
176 1785 225 1822 eius.
257 1788 283 1823 20
307 1783 418 1830 Respondit
440 1784 459 1821 ci
480 1784 537 1822 lesus
560 1784 602 1832 Ego
624 1784 688 1830 palam
710 1784 787 1822 locutus
809 1798 853 1822 sum

92 1842 175 1880 mundo:
191 1854 226 1889 ego
242 1854 319 1887 semper
334 1841 391 1879 docui
406 1841 427 1879 in
438 1843 539 1887 ‘synagoga
554 1842 608 1879 etin
623 1840 703 1888 templo,
726 1853 763 1888 quo
786 1854 853 1879 omnes

29 1916 31 1919 ·
91 1898 156 1937 Iudaei
172 1898 296 1944 conveniunt,
313 1898 369 1936 etin
384 1897 459 1935 occulto
475 1898 552 1935 locutus
568 1910 610 1936 sum
624 1896 691 1938 nichil.
718 1901 743 1935 21
761 1895 814 1942 Quid
822 1910 854 1936 1116

92 1957 214 2001 interrogas?
229 1955 329 2001 interroga
349 1966 382 1992 eos
398 1953 432 1999 qui
447 1953 551 1991 audieruut
567 1953 614 1999 quid
635 1953 713 1992 locutus
736 1966 778 1992 sum
801 1953 852 1992 illis:

93 2023 137 2050 ecce
151 2012 173 2049 111
188 2011 255 2049 sciunt
269 2022 313 2058 quae
329 2009 412 2048 dixerim
428 2022 469 2056 ego.
501 2014 527 2047 22
550 2010 601 2048 Haec
623 2012 688 2050 autem
703 2022 747 2049 cum
762 2010 852 2060 dixisset,

91 2080 142 2107 unus
158 2067 182 2106 de
205 2066 314 2106 astantibus
330 2078 354 2105 ex
369 2066 465 2105 ministris
489 2066 544 2105 dedit
558 2067 641 2114 palmam
656 2066 711 2119 lesu,
736 2067 802 2106 dicens
819 2067 854 2106 Sic

92 2125 198 2172 respondes
213 2124 317 2171 pontifici?
347 2128 373 2162 23
389 2123 500 2170 Respondit
515 2125 533 2162 61
547 2123 605 2162 Iesus
613 2122 635 2162 Si
650 2123 701 2162 male
715 2124 851 2171 locutnssum

91 2183 226 2221 testimouium
241 2180 323 2228 perhibe
339 2181 363 2218 de
378 2180 438 2219 malo:
462 2182 480 2218 si
495 2186 561 2219 autem
575 2180 632 2230 bene,
655 2180 703 2228 quid
723 2195 754 2219 me
778 2177 854 2220 caedis?

91 2242 118 2277 21
134 2238 162 2277 Et
176 2238 232 2277 misit
246 2251 291 2276 eum
302 2239 370 2276 Annas
386 2238 473 2276 vinctum
489 2237 514 2275 ad
523 2237 610 2284 Caiphan
625 2238 743 2284 pontificem.
760 2242 786 2276 25
802 2238 853 2276 Erat

92 2304 157 2334 autem
173 2295 241 2334 Simon
255 2294 329 2333 Petrus
345 2300 398 2332 stans
414 2302 435 2332 et
450 2294 564 2333 calefaciens
579 2308 607 2333 se.
644 2295 744 2333 Dixerunt
765 2308 809 2341 ergo
833 2295 852 2332 ei

91 2353 186 2401 Nunquid
201 2359 222 2391 et
236 2359 259 2391 tu
274 2365 299 2390 ex
314 2350 416 2398 discipulis
430 2351 473 2390 ‘eius
489 2353 525 2390 es?
546 2351 574 2390 Et
584 2351 617 2391 ille
628 2352 707 2399 negavit
717 2355 737 2391 et
747 2351 798 2390 dixit
805 2350 852 2391 Non

91 2424 140 2450 sum.
158 2414 183 2449 26
199 2408 255 2448 Dicit
270 2409 289 2447 ei
302 2421 353 2447 unus
369 2420 393 2447 cx
405 2409 468 2447 servis
476 2408 580 2457 pontificis,
597 2415 690 2456 cognatus
700 2409 742 2448 eius
754 2408 809 2448 cuius
820 2408 854 2447 ab·v

91 2467 150 2506 scidit
165 2466 237 2505 Petrus
253 2465 361 2504 auriculam
375 2464 446 2504 Nonne
461 2478 495 2513 ego
511 2471 532 2504 te
550 2465 593 2505 ridi
607 2466 628 2504 in
643 2471 686 2505 orto
703 2477 746 2504 cum
761 2465 851 2504 1116127

90 2523 167 2563 Iterum
182 2536 227 2571 ergo
243 2522 315 2561 Petrus
330 2517 409 2569 negavit
424 2523 459 2572 eis,
468 2528 489 2561 et
503 2523 571 2561 statim
581 2522 642 2571 gallus
658 2522 750 2562 cantavit
768 2526 794 2561 28
810 2522 852 2560 Ad-

91 2582 164 2620 ducunt
180 2581 241 2628 igitur
256 2579 323 2618 Iesum
334 2579 359 2617 ad
370 2578 464 2625 Caipham
474 2586 495 2618 et
505 2579 529 2618 ad
535 2579 623 2618 Pilatum
632 2581 653 2618 in
663 2579 788 2629 praetorium:
808 2586 855 2618 erat

90 2647 156 2676 autem
173 2648 239 2676 mane:
261 2643 282 2675 et
296 2637 335 2683 ipsi
353 2650 390 2674 non
407 2636 527 2675 introierunt
543 2637 565 2674 in
579 2637 702 2685 praetorium,
717 2650 741 2674 ne
759 2637 854 2675 contami·
878 2643 879 2646 ’

89 2701 184 2733 narentur
194 2702 214 2733 et
222 2694 364 2733 manducarent
373 2694 450 2741 pascha.
475 2699 501 2732 29
512 2692 569 2732 Exiit
580 2707 625 2741 ergo
633 2693 710 2732 Pilatus
721 2693 745 2732 ad
756 2707 789 2733 eos
797 2693 850 2733 foras

89 2758 110 2791 et
118 2751 170 2790 dixit
178 2749 241 2797 Quam
252 2751 397 2791 accusationem
405 2750 463 2789 fertis
475 2751 498 2789 de
506 2750 543 2790 hoe
553 2751 646 2790 homine?
663 2754 688 2789 30
699 2750 853 2798 Responderunt
