1837 2928
53 48 77 84 c.
91 51 108 83 9.
371 25 374 29 Ι
415 50 460 82 Luc.
788 51 813 86 81

54 179 102 212 runt
117 174 136 212 01
150 174 234 213 Dimitte
250 172 324 223 turbas,
339 179 363 212 ut
378 180 447 213 euntes
462 176 482 213 in
498 167 578 212 castella
586 173 696 212 adiacencia
704 173 815 219 reqiescant

54 237 91 269 aut
106 231 207 270 inveniant
222 230 274 278 quod
288 231 414 281 manducent3
430 232 462 270 hic
472 232 493 270 in
504 232 581 269 deserto
591 230 633 269 loco
644 244 717 269 sumus.
735 235 759 269 13
776 230 815 268 Ve-

54 300 99 325 rum
113 288 156 333 ipse
171 288 201 327 ait
215 287 268 325 Date
283 286 323 326 illis
338 288 461 327 manducare.
492 286 530 326 (lui
545 288 637 325 dixerunt
647 287 692 325 Non
707 297 753 325 sunt·
763 288 814 325 enim

54 342 139 390 amplius
154 355 212 390 quam
227 343 312 390 quinque
327 357 387 390 panes
404 348 423 382 et
439 343 477 383 duo
492 344 563 391 pisces,
579 338 618 382 nisi
632 343 684 381 forte
694 342 734 381 'nos
745 349 814 381 euntes

54 414 144 439 emamus
159 401 180 438 in
195 414 270 438 omnem
285 400 337 439 hunc
359 401 453 448 populum
468 414 528 440 escas.
554 403 579 438 14
602 399 666 438 Erant
688 400 739 438 enim
759 400 814 445 quasi

54 457 313 505 quinquemilliavirorum.
329 458 387 496 Dixit
403 464 468 496 aut-em
484 458 509 496 ad
524 457 631 504 discipulos
647 470 692 495 suos
701 457 769 494 Facite
778 457 815 494 dis-

53 509 146 553 cumbere
163 514 207 552 illos
222 526 258 561 per
273 515 362 553 convivia
377 514 529 562 quinquagenos.
557 518 581 552 15
598 513 626 553 111
640 514 668 551 ita
683 513 779 564 fecerunt,
795 522 815 550 et

53 570 197 609 discubuerunt
222 583 294 610 omnes.
327 575 352 609 16
383 571 477 617 Acceptis
499 567 561 617 igitur
582 570 667 618 quinque
689 569 772 616 panibus
795 575 816 607 et

54 626 131 666 duobus
146 626 233 674 piscibus
248 628 336 673 respexit
350 628 370 665 in
386 627 455 666 caelum
470 633 490 666 et
504 627 606 666 benedixit
621 641 654 665 eos
670 632 690 664 et
705 626 770 674 fregit,
795 633 815 663 et

53 684 111 721 dedit
126 683 227 730 discipulis
243 684 283 721 suis
298 690 322 722 ut
335 691 431 731 ponerent
447 685 517 723 turbis.
553 685 577 722 17
608 683 637 721 Et
648 684 815 721 manducaverunt

53 745 76 778 01
98 740 183 778 saturati
205 745 260 778 sunt:
289 746 309 778 01
334 740 432 779 sublatum
458 747 489 779 est
514 740 566 787 quod
592 740 692 787 superfuit
713 740 748 789 eis,
777 739 816 776 fra-

54 793 177 842 gmentorum
202 796 259 834 cofini
283 794 336 836 XII.
368 801 393 835 18
424 797 452 834 111
477 797 551 834 factum
576 802 607 833 est
631 810 675 834 cum
700 801 753 834 esset
777 796 815 833 sin-

53 853 135 902 gularis,
152 857 208 890 erant
222 865 266 890 cum
282 865 304 890 eo
320 852 421 900 discipuli:
432 859 459 891 -01
473 853 603 900 interrogavit
617 852 661 890 illos
677 849 815 896 dicensQuem

55 922 86 946 me
102 909 171 947 dicunt
185 908 249 948 turbae
265 912 320 947 esse?
352 914 376 948 19
400 909 433 947 1111
448 909 588 957 respondentes
604 909 696 947 dixerunt
712 908 815 947 011011011-

55 978 100 1004 nem
114 965 227 1015 baptistam,
252 965 285 1003 alii
303 970 367 1004 auten]
384 966 470 1017 Heliam,
496 966 530 1004 alii
554 971 619 1004 autem
636 965 753 1013 prophetam
774 978 815 1002 sur·

55 1022 131 1061 rexisse
145 1023 242 1068 magnum.
260 1023 353 1060 2011an
368 1029 433 1061 autem
448 1023 488 1061 illis
496 1023 537 1061 Vos
553 1028 619 1060 01110111
637 1035 694 1068 quem
709 1035 739 1059 me
748 1021 814 1059 dicitis

54 1080 113 1116 esse?
142 1078 253 1124 Respondit
268 1078 336 1117 Simon
350 1079 423 1117 Petrus
439 1086 460 1116 01
474 1079 525 1116 dixit
541 1078 694 1117 Ohristumdei.
726 1082 750 1116 21
768 1077 814 1123 ipse

55 1148 102 1173 vero
116 1135 212 1182 praecepit
226 1135 265 1172 illis
280 1137 354 1173 nemini
369 1136 408 1173 dici
422 1136 466 1174 hoc.
497 1140 523 1173 22
545 1136 611 1173 dicens
624 1133 726 1188 Quoniam
736 1140 815 1180 oportet

55 1191 117 1229 filium
132 1191 216 1229 hominis
232 1191 294 1229 multa
308 1192 351 1238 pati
367 1198 387 1230 et
402 1192 503 1238 reprobari
518 1204 530 1228 a
545 1192 654 1230 senioribus
665 1190 815 1244 etprincipibus

54 1247 179 1287 sacerdotum
199 1253 220 1285 et
242 1247 311 1286 scribis
335 1254 355 1287 et
376 1248 461 1287 interfici
486 1253 506 1286 et
527 1254 573 1295 post
595 1248 681 1286 triduum
705 1260 813 1293 resurgere.

55 1309 89 1342 23.
120 1304 205 1343 Dicebat
220 1310 285 1342 autem
301 1304 327 1343 ad
341 1318 407 1343 omnes
424 1304 445 1343 Si
462 1305 506 1352 quis
520 1304 564 1342 vult
578 1310 624 1350 post
638 1317 668 1342 me
684 1305 757 1351 venire,
781 1303 814 1340 ab·

55 1366 114 1408 neget
128 1361 214 1407 seipsum
230 1361 267 1400 sibi
279 1367 299 1399 et
308 1362 371 1409 etollat
386 1375 463 1400 crucem
473 1375 527 1399 suam
539 1367 559 1399 et
569 1366 663 1406 sequatur
672 1374 710 1401 me.
726 1363 752 1398 21
769 1358 816 1405 Qui-

55 1429 131 1463 cunque
147 1417 199 1455 enim
208 1417 295 1456 voluerit
306 1419 389 1456 animam
405 1431 460 1456 suam
475 1418 557 1468 salvare,
573 1418 643 1464 perdet
657 1417 719 1455 illam:
736 1416 817 1464 quicun-

55 1486 92 1522 que
108 1479 174 1511 autem
189 1474 299 1520 perdiderit
314 1476 396 1513 animam
413 1488 468 1513 suam
485 1481 566 1521 propter
585 1487 623 1524 me,
647 1474 732 1512 salvabit
754 1473 814 1511 illam.

55 1535 80 1570 25
95 1528 148 1575 Quid
163 1530 214 1568 enim
229 1531 310 1577 prodest
325 1532 400 1570 homini
415 1531 491 1570 lucrum
506 1531 571 1569 faeere
587 1538 651 1569 totum
671 1530 764 1568 mundum
787 1542 817 1567 se·

54 1587 160 1632 metipsum
170 1592 236 1625 autem
245 1587 334 1637 perdere,
346 1594 380 1626 aut
391 1588 482 1626 damnum
492 1588 571 1625 facere?
593 1592 627 1626 26’
636 1585 752 1632 Quicunque
764 1586 816 1624 enim

54 1643 148 1682 confusus
163 1643 270 1681 fueritne
286 1650 306 1681 et
320 1657 373 1682 meos
389 1657 493 1692 sermones,
510 1644 563 1682 hunc
577 1643 628 1681 filius
637 1643 721 1681 hominis
737 1642 817 1680 contun-

55 1700 96 1745 det,
112 1711 156 1737 cum
171 1700 248 1738 venerit
257 1701 278 1738 in
287 1701 367 1747 gloriam
379 1715 433 1739 suam
444 1708 465 1738 et
474 1701 536 1747 patris
547 1707 568 1739 et
578 1706 689 1738 sauctorum
698 1699 815 1746 angelorum.

56 1755 141 1794 2711100
157 1761 222 1793 autem
237 1756 293 1795 vobis
305 1770 351 1795 vere
363 1756 414 1795 Sunt
429 1757 506 1811 quidam
518 1758 551 1795 hic
560 1757 656 1794 stuncium
665 1758 744 1802 quinon
752 1761 817 1802 gusta-

55 1813 106 1852 bunt
120 1818 204 1851 mortem
219 1813 345 1861 quoadusque
359 1811 441 1853 videant
455 1827 536 1861 regnum
553 1813 591 1852 dei.
623 1816 648 1851 28
679 1813 762 1850 Factum
787 1817 818 1850 est

55 1875 122 1907 autem
136 1875 182 1916 post
203 1869 242 1908 ista
256 1870 317 1910 verba
332 1872 388 1917 quasi
404 1871 445 1909 dies
461 1876 511 1917 octo,
535 1877 556 1908 et
575 1870 681 1916 assumpsit
695 1870 779 1908 Petrum
797 1875 818 1906 01

55 1925 165 1965 Iohannem
181 1931 202 1964 et
216 1926 309 1966 Iacobum
325 1933 345 1966 et
360 1927 448 1966 ascendit
463 1928 484 1966 in
498 1933 585 1966 montem
602 1939 664 1965 orare.
695 1930 721 1965 29
747 1925 775 1964 111
797 1925 818 1963 in

56 1983 129 2021 orando
140 1984 193 2021 facta
203 1990 234 2022 001
242 1985 317 2030 species
326 1984 393 2023 vultus
401 1985 444 2022 eius
453 1985 491 2022 alia
501 1989 522 2022 01
529 1985 613 2024 vestitus
625 1983 725 2032 candidus,
734 1982 817 2030 fulgens.

55 2043 83 2077 30
99 2039 127 2076 Et
142 2051 186 2077 ecce
201 2041 239 2078 viri
255 2041 293 2078 duo
309 2041 469 2087 colloquebantur
484 2053 528 2078 cnm
543 2052 577 2079 eo:
593 2047 650 2078 eraut
665 2046 730 2079 autem
738 2039 818 2085 Moyses

55 2102 77 2134 et
92 2095 168 2145 Helias,
185 2099 209 2134 31
227 2097 265 2135 visi
280 2098 301 2136 in
316 2098 407 2136 claritate
418 2098 510 2137 dicebant
520 2103 586 2136 antem
596 2109 698 2136 excessum
709 2098 751 2135 eius
760 2109 818 2143 quem

56 2151 164 2198 incipiebat
178 2153 260 2199 impiere
275 2154 295 2191 in
310 2153 441 2204 Ierusalem„
457 2159 482 2193 32
498 2154 571 2193 Ρο11110
586 2167 633 2193 1010
649 2159 669 2192 01
684 2154 718 2200 qui
733 2166 777 2191 cum
795 2166 817 2191 eo

55 2215 113 2247 erant
127 2210 204 2256 gravati
219 2217 275 2248 erant
290 2222 369 2249 somno:
394 2203 471 2258 experti
493 2225 540 2250 vero
555 2211 648 2250 viderunt
670 2210 751 2258 gloriam
774 2210 816 2248 eius

56 2272 78 2304 et
93 2266 141 2305 duos
156 2267 209 2305 viros
225 2279 268 2305 curn
284 2280 306 2306 eo
322 2268 406 2307 stabant.
439 2273 463 2307 33
480 2268 508 2306 111
523 2268 597 2307 factum
612 2275 643 2307 001
658 2282 701 2306 cum
717 2267 818 2305 discessis-

55 2329 101 2362 sent
123 2324 147 2364 ab
170 2337 192 2362 eo
215 2324 266 2362 dixit
279 2324 352 2363 Petrus
375 2326 400 2364 ad
414 2325 482 2364 1001111
496 2326 616 2376 Praeceptor,
639 2326 711 2365 bonum
734 2329 765 2362 est-
786 2337 819 2362 nc·

57 2380 87 2420 bis
107 2381 140 2420 hic
163 2394 212 2432 esse,
235 2387 255 2420 et
277 2381 371 2420 faciamus
395 2383 433 2421 tria
456 2383 587 2433 tabernacula,
613 2396 674 2422 unum
696 2381 733 2421 tibi
757 2394 819 2420 unum

57 2438 123 2484 Moysi
148 2445 168 2477 et
182 2453 241 2477 unum
257 2438 330 2489 Heliae,
353 2440 444 2486 ignorans
460 2440 508 2487 quid
523 2440 604 2481 diceret.
629 2443 655 2479 34
677 2439 728 2488 Haec
753 2444 819 2476 autem

57 2495 90 2533 1110
105 2495 197 2542 loquente
213 2498 265 2535 facta
281 2503 311 2535 est
325 2499 374 2534 nubs
391 2503 411 2535 01
434 2497 558 2537 obumbravit
580 2498 635 2537 illos:
662 2497 771 2535 timuerunt
785 2509 818 2533 au-

57 2558 98 2590 tem
112 2552 133 2590 in
148 2566 170 2592 eo
187 2567 230 2592 cum
245 2554 275 2592 illi
288 2553 394 2592 introirent
415 2555 436 2592 in
458 2554 535 2593 nubem.
568 2560 592 2594 35
623 2555 652 2593 111
666 2566 704 2605 vox
719 2554 771 2591 facta
787 2559 819 2591 est

57 2609 148 2650 denube
164 2610 204 2648 Hic
219 2617 250 2650 est
264 2610 315 2649 filius
331 2624 385 2649 meus
401 2611 549 2658 dilectissimus,
570 2612 637 2651 audite
655 2624 704 2649 eum.
737 2614 762 2649 36
792 2610 821 2648 Et

56 2667 104 2705 dum
114 2667 141 2705 vfit
155 2679 200 2718 voa,
215 2669 307 2707 inventus
323 2674 353 2706 est
368 2669 421 2707 solus
437 2667 501 2707 Iesus
531 2669 559 2708 111
574 2670 612 2717 ipsi
627 2673 733 2708 tacuerunt
748 2677 769 2706 01
784 2682 818 2706 110-

58 2724 106 2762 mini
122 2724 214 2763 dixerunt
233 2727 253 2765 in
275 2726 315 2765 illis
338 2726 406 2765 diebus
427 2727 531 2773 quicquam
552 2740 577 2766 ex
601 2727 632 2766 his
655 2739 699 2773 quae
721 2725 819 2765 viderant.

105 2795 115 2826 t
130 2810 152 2815 —
165 2791 208 2826 Ood.
221 2792 272 2828 colb.
