1837 2928
53 60 73 95 G.
86 58 104 93 5.
118 60 135 93 6.
398 56 456 92 Marc.
785 59 813 95 47

52 173 157 224 ccnveisus
173 184 198 222 ad
213 183 281 221 turbas
297 184 326 222 ait
341 182 390 229 Quis
406 180 474 230 tetigit
489 184 609 222 vestimenta
623 184 680 220 mea?
704 186 727 221 31
752 183 812 222 Dixe—

51 248 99 280 runt
114 248 179 280 autem
203 239 295 288 discipuli
317 241 360 279 eius
375 239 437 278 Vides
460 239 538 278 turbam
560 240 720 285 comprimentem
742 246 768 290 te,
792 246 814 278 et

52 298 101 337 dicis
109 296 159 343 Quis
167 297 235 344 tetigit
244 297 362 336 vestimenta
372 299 430 335 mea?
446 302 472 335 32
492 297 541 336 Cum
553 301 619 334 autem
632 295 811 346 circumspexisset⁷

52 359 77 393 33
87 354 158 392 mulier
165 354 237 392 timens
248 357 268 392 et
283 359 375 406 tremens,
391 354 456 391 sciens
471 353 524 400 quod
533 354 608 391 sactum
619 357 672 390 esset
681 352 702 390 in
712 365 739 402 se,
749 354 813 399 proci-

51 411 99 450 dens
114 416 160 449 ante
175 423 220 449 eum
235 410 286 449 dixit
301 411 349 457 quid
363 411 438 449 factum
453 417 490 450 est.
512 413 537 448 34
553 408 610 448 lesus
625 422 672 447 vero
688 409 716 447 ait
726 409 811 448 odiliam

50 468 109 518 Filia,
133 468 181 506 fides
197 473 267 506 tuate
282 468 355 507 salvam
371 468 428 506 fecit:
449 467 499 506 vade
518 467 538 505 in
553 478 607 516 pace,
631 472 651 504 et
673 471 715 504 esto
732 466 785 505 salva
800 480 812 504 a

50 525 160 574 plagatus,
176 529 197 562 61
206 537 254 563 sana
263 526 316 563 iacta
327 530 357 564 est
364 525 440 564 mulier.
461 529 485 563 35
498 524 570 562 Adhuc
580 536 602 562 60
613 522 705 570 loquente
715 531 814 562 venerunt

50 581 75 619 ad
84 581 193 628 principem
201 594 304 629 synagogae
315 581 406 620 dicentes
413 581 465 619 Filia
474 585 509 619 tua
519 585 596 618 mortua
607 586 647 619 est:
664 579 712 626 quid
726 580 812 627 amplius

49 650 109 677 vexas
123 638 195 676 illum?
212 643 237 677 36
253 638 310 677 Iesus
326 643 391 676 autem
407 639 475 677 audito
491 637 550 676 verbo
566 637 595 675 ait
602 636 755 684 archisynagogo
763 636 810 676 Noli

49 695 125 744 timere,
141 700 218 733 tantum
233 695 297 733 crede.
329 696 355 734 at
374 694 401 733 Et
416 709 455 734 non
470 694 551 733 admisit
571 705 686 741 quemquam
709 694 766 741 sequi
788 707 810 732 sc

49 752 87 789 nisi
102 751 184 789 Petrum
200 757 221 789 61
235 751 328 791 Iacobum
344 751 480 790 ecIohnnnem
495 751 578 789 fratrem
585 748 658 789 Iaoobi.
676 753 701 788 38
717 749 745 788 Et
755 752 810 789 venit

48 808 68 846 in
84 807 162 846 domum
178 808 333 855 archisynagogi,
350 814 370 846 et
384 808 440 847 ridet
454 808 535 846 flentem
550 806 628 846 turbam
650 812 671 844 et
693 806 810 845 clamantem

48 865 138 914 multum,
157 868 181 903 39
199 870 219 903 et
233 859 333 911 ingressus
356 866 385 903 ait
400 863 453 910 Quid
469 864 575 903 turbamini
591 869 611 902 et
625 863 721 910 ploratis?
744 863 811 910 puella

48 935 87 960 non
102 927 134 960 est
148 927 226 960 mortua
241 922 276 960 sed
291 922 369 960 dormit.
394 925 421 961 40
437 921 471 960 1111
485 933 532 960 vero
547 919 656 959 irridebant
670 919 732 961 illum.
762 921 810 967 Ipse

47 991 93 1017 vero
120 980 183 1017 eiecta
210 978 269 1018 turba
291 979 339 1018 foris
362 979 469 1026 assumpsit
490 984 567 1025 patrem
589 982 609 1015 et
630 982 714 1015 matrem
737 977 810 1024 puellae

47 1039 68 1073 et
83 1036 117 1080 qui
132 1049 175 1074 curn
191 1048 213 1074 eo
230 1041 291 1083 erant,
308 1041 328 1074 ct
343 1036 435 1075 introivit
450 1036 484 1075 ubi
500 1040 543 1074 crat
557 1034 622 1081 puella
642 1034 714 1073 iacens.
738 1037 763 1073 41
780 1034 808 1073 Et

46 1097 115 1130 tenens
123 1105 201 1130 manum
217 1093 259 1130 eius
275 1093 303 1131 ait
318 1092 347 1131 illi
355 1092 456 1131 Thebitha
471 1092 528 1140 cumi,
546 1090 597 1137 quod
613 1096 644 1129 est
655 1091 807 1137 interpretatum

45 1147 121 1196 Puella,
138 1148 176 1187 tibi
192 1149 241 1199 dico,
258 1161 321 1196 surge.
338 1151 365 1187 42
380 1148 409 1188 Et
428 1148 532 1187 confestim
546 1147 633 1186 surrexit
653 1146 719 1193 puella
734 1153 754 1186 61
769 1161 808 1187 am-

45 1204 137 1244 bulabat:
153 1211 196 1243 erat
211 1213 276 1244 autom
292 1219 386 1245 annorum
402 1205 515 1245 duodecim:
539 1210 560 1243 et
582 1203 726 1252 obstupuerunt
741 1218 808 1244 omnes

45 1269 126 1308 stupore
141 1262 232 1301 maximo.
256 1266 282 1301 43
298 1262 326 1301 Et
340 1263 436 1309 praecepit
450 1261 490 1301 illis
505 1261 563 1300 Iesus
577 1266 601 1300 ut
615 1261 689 1300 nemini
712 1261 807 1308 dicereut,

45 1319 80 1356 sed
95 1319 165 1357 darent
179 1319 209 1357 illi
224 1319 299 1365 aliquid
313 1321 436 1358 manducare.
464 1352 466 1356 Α

102 1372 139 1418 VI.
171 1376 226 1414 1Ε1
241 1389 330 1423 egressus
345 1377 391 1415 inde
406 1376 463 1415 lesus
479 1374 528 1414 abiit
543 1375 564 1413 in
578 1374 663 1422 patriam
685 1388 740 1414 suam
762 1387 806 1414 cum

44 1432 146 1479 discipulis
162 1433 210 1472 suis.
231 1438 244 1471 2
259 1433 287 1471 Et
302 1435 368 1480 coepit
383 1433 470 1472 sabbatis
486 1433 507 1470 in
522 1444 619 1479 synagoga
635 1432 715 1471 docere:
738 1433 766 1470 ita
781 1439 806 1471 ut

42 1488 189 1528 admirarentur
203 1491 222 1528 in
239 1490 329 1529 doctrina
344 1491 386 1530 eius
402 1503 468 1529 omncs
484 1495 505 1528 et
513 1489 600 1527 dicentes
607 1487 666 1528 Unde
681 1489 727 1527 huic
735 1491 805 1528 tanta?

42 1558 88 1592 quae
103 1554 134 1585 est
149 1547 250 1594 sapiencia
265 1560 310 1594 quae
326 1548 373 1586 data
388 1554 419 1587 est
432 1547 468 1597 itti,
494 1552 515 1585 et
528 1547 614 1585 virtutes
629 1558 673 1593 cquae
695 1560 731 1593 per
752 1546 806 1585 labia

42 1603 85 1641 eius
101 1603 229 1642 efficiuntur?
254 1604 351 1643 3Ncnnc
365 1605 398 1643 hic
419 1610 451 1643 est
465 1603 517 1642 fabri
531 1603 583 1641 filius
606 1607 627 1641 et
641 1603 718 1648 Mariae,
742 1603 805 1641 frater

42 1659 110 1698 Iaoobi
125 1666 145 1699 ct
160 1659 217 1700 Iudae
233 1667 253 1700 et
268 1661 369 1700 Simonis?
392 1674 456 1700 nonne
472 1666 493 1698 et
507 1673 584 1698 sorores
600 1661 642 1699 cius
657 1661 690 1698 hic
705 1669 752 1698 sunt-
771 1673 804 1698 nc-

41 1716 131 1756 biscum?
146 1716 174 1756 Er.
188 1718 232 1756 haec
247 1718 335 1757 dicentes
351 1717 534 1757 scandalizabantur
548 1718 570 1757 in
584 1716 625 1757 illo.
641 1720 654 1755 4
669 1717 754 1756 Dicebat
769 1731 802 1755 au-

41 1773 122 1813 temad
137 1787 170 1812 eos
185 1773 242 1814 lesus
258 1774 310 1821 Quia
329 1789 369 1815 non
391 1781 422 1814 est
443 1774 541 1823 propheta
562 1774 603 1813 sine
624 1774 698 1813 honore
720 1774 759 1812 nisi
781 1774 802 1813 in

42 1830 98 1869 domo
114 1832 169 1870 etin
184 1833 250 1878 patria
264 1846 306 1873 sua.
331 1838 341 1872 5
365 1832 393 1871 111
408 1845 447 1871 non
462 1832 547 1871 faciebat
561 1831 602 1870 illic
622 1833 707 1871 virtutes
722 1830 800 1879 multas,

41 1888 79 1926 nisi
93 1901 166 1935 paucos
182 1889 268 1928 infirmos
283 1890 379 1937 inponens
395 1891 424 1929 eis
439 1901 509 1928 manus
524 1889 607 1928 curavit.
624 1894 635 1928 t
651 1888 679 1927 Et
694 1888 803 1927 mirabatur

40 1950 122 1992 propter
135 1945 294 1986 incredulitatem
310 1946 394 1987 illorum.
425 1946 453 1985 Et
468 1945 584 1985 circumibat
599 1946 680 1985 castella
689 1946 804 1984 incircuitu

41 2002 118 2041 docens.
150 2004 161 2041 7
184 2002 213 2042 Et
231 2004 343 2045 convocatis
365 2003 488 2054 1111111611
509 2004 554 2042 ilos
574 2003 637 2051 binos,
654 2009 675 2041 et
690 2003 738 2042 dans
762 2002 803 2042 illis

40 2065 159 2106 potestatem
185 2060 254 2108 fugare
279 2062 361 2108 spiritus
386 2062 503 2108 immundos,
542 2065 553 2099 8
574 2061 692 2108 praecipiens
716 2060 756 2113 illis
778 2073 803 2099 ne

40 2116 88 2162 quid
103 2129 169 2156 secum
184 2118 277 2157 tollerent
291 2119 312 2157 in
326 2120 359 2158 via
374 2118 413 2157 nisi
427 2118 502 2166 virgam
518 2123 594 2157 tantum
615 2132 654 2158 non
676 2113 743 2165 peram
763 2130 802 2156 non
835 2151 838 2157 ,

39 2186 109 2220 panem
130 2186 193 2220 neque
215 2188 304 2214 nummos
327 2176 348 2215 in
372 2177 433 2223 nonis,
464 2180 475 2214 9
499 2175 535 2214 sed
550 2175 642 2215 calciatos
658 2174 757 2223 caligulas,
781 2179 801 2213 et

39 2243 63 2268 ne
78 2230 208 2269 induerentur
223 2231 271 2271 duas
292 2234 375 2272 tunicas.
408 2237 432 2271 10
456 2232 484 2271 Et
506 2233 558 2272 dixit
578 2234 607 2272 eis
631 2231 751 2280 Quocunque
771 2231 801 2269 in·

40 2288 136 2327 troieritis
151 2288 173 2327 in
188 2288 273 2339 domum,
288 2289 316 2330 ibi
331 2294 408 2329 manete
424 2290 486 2329 donec
501 2290 576 2329 exeatis
590 2290 642 2330 inde.
668 2294 690 2328 11
719 2288 803 2337 111001-

39 2358 116 2392 cunque
137 2359 176 2384 non
191 2346 302 2394 receperint
316 2360 351 2386 vos
371 2359 434 2394 neque
457 2348 557 2397 audierint
577 2360 619 2400 vos,
639 2352 734 2387 exeuntes
756 2345 803 2384 inde

40 2403 127 2441 excutite
142 2403 244 2450 pulverem
259 2404 283 2443 de
297 2404 382 2452 pedibus
396 2405 470 2443 vestris
486 2405 538 2451 quod
553 2404 623 2444 subtus
638 2406 659 2443 in
667 2404 802 2444 testimonium

39 2459 85 2498 illis.
116 2464 142 2499 12
157 2460 185 2499 Et·
200 2469 294 2500 exeuntes
309 2461 416 2509 praedicate
438 2468 462 2500 ut
476 2462 615 2509 paenitenciam
636 2467 701 2514 agant,
726 2465 750 2500 13
774 2459 803 2498 Et

40 2516 119 2565 quidam
134 2517 213 2557 illorum
227 2518 290 2558 multa
305 2519 401 2559 daemonia
416 2519 528 2570 eiiciebant,
552 2526 573 2559 61
590 2520 712 2567 imponentes
738 2517 801 2557 oleum

39 2574 111 2613 multos
127 2588 189 2622 aegros
205 2576 306 2616 sanabant.
340 2578 365 2615 14
389 2574 438 2616 (lum
459 2576 548 2616 audisset
569 2590 605 2617 rex
620 2577 718 2623 Herodes,
742 2575 803 2613 mani-

39 2631 113 2678 festum
128 2632 180 2671 enim
195 2633 261 2672 fuerat
276 2634 295 2672 61
316 2647 387 2673 nomen
408 2633 463 2686 Iesu,
487 2641 507 2673 et
529 2635 607 2675 dicebat
629 2635 690 2682 quod¹
703 2633 803 2673 Iohannes

38 2688 126 2736 baptista
140 2691 259 2729 surrexisset
274 2705 286 2729 a
300 2692 391 2740 mortuis,
412 2696 433 2729 et
447 2691 492 2730 ideo
507 2692 592 2732 virtutes
607 2706 643 2740 per
665 2691 721 2731 illum
737 2690 803 2730 ,effici-

38 2751 105 2787 untur.
130 2751 155 2786 15
172 2747 214 2787 Alii
230 2755 296 2788 autem
312 2748 404 2789 dicebant
421 2748 444 2788 de
460 2762 483 2789 eo
503 2749 556 2798 quod
570 2749 640 2790 Helias
662 2748 746 2799 venerit,
769 2747 804 2788 alii
