1869 2914
117 60 144 96 44
443 50 478 87 111.
491 60 527 87 seo.
796 51 815 87 G.
827 52 843 85 3.
857 49 874 84 4.

89 210 91 214 »
116 190 190 220 seeum:
209 183 233 217 15
251 184 272 216 et
287 178 342 217 dedit
357 178 397 217 illis
412 184 531 225 potestatem
547 177 628 216 ourandi
642 177 766 216 valetudines
777 182 797 216 11
805 178 877 217 eiicere

116 236 213 275 daemonia
228 241 248 273 et
263 236 407 275 circumeuntes
422 235 553 281 praedicarent
561 235 688 282 evangelium.
707 239 730 274 16
746 234 775 273 Et
789 235 877 282 inposuit

115 307 186 332 nomen
206 291 281 331 Simoni
303 292 383 341 Petrus,
416 292 440 330 17
464 299 485 330 11
504 291 598 331 Iaoobum
619 292 705 331 Zebedei
728 298 748 331 et
769 291 885 345 Iohannem,

115 352 196 389 fratrem
205 349 278 398 laoobi,
295 350 424 388 communiter
439 354 504 387 autem
520 349 635 388 oonvooavit
649 362 682 387 eos
690 349 808 397 Boanerges‚
825 343 887 397 quod¹

116 414 147 447 est
161 407 197 445 filii
212 407 302 456 tonitrui,
330 410 354 445 18
371 411 428 445 erant
443 413 510 445 autem
526 405 593 445 Simon
608 412 629 444 et
643 406 742 457 Andreas,
757 406 841 447 Iacobus
857 413 878 446 et

115 465 221 514 Iohannes,
229 463 335 510 Philippus
351 463 544 510 11Β111110101111111
560 463 621 502 ludas
637 469 658 502 11
664 463 779 512 Matthaeus,
791 463 877 503 Thomas

116 529 136 560 et
151 521 234 560 laoobus
249 520 330 566 Alphaei
353 526 373 558 et
388 519 492 570 Taddaeus,
510 519 577 559 Simon
593 519 708 559 Chananeus
732 524 756 558 19
781 524 801 558 et
815 520 876 559 Iudas

116 579 213 627 Scarioth,
230 578 263 623 qui
279 584 299 615 et
314 577 397 616 tradidit
416 577 477 617 illum.
501 582 527 616 20
550 578 578 616 Et
599 578 655 615 venit
676 577 748 615 iterum
771 578 830 617 turba
852 579 877 616 ad

116 650 167 685 eum,
182 636 211 673 ita
225 642 249 672 nt
263 648 302 673 non
317 640 398 682 possent
412 648 482 681 panem
498 635 620 673 manducare.
637 638 662 672 21
680 634 708 672 Et
724 648 767 673 oum
776 636 878 674 audissent

115 694 139 731 de
155 705 177 730 eo
193 691 263 730 soribae
279 699 300 730 et
314 692 412 737 Pharisei,
429 693 520 730 exierunt
535 696 601 731 tenere
618 702 672 730 eum:
689 695 715 728 22
725 691 875 731 dioebantenim

114 748 226 789 Beelzebub
241 748 307 796 habet,
323 750 431 796 prinoipem
448 748 588 788 daemoniorum
604 754 624 787 et
639 762 727 796 pereum
742 749 876 788 eiioitdaemo-

115 809 154 847 nia.
186 811 210 845 23
235 806 262 844 Et
285 807 400 845 oonvooavit
422 819 455 844 eos
478 812 499 845 et
521 806 599 845 dieebat
627 806 666 844 illis
688 806 746 844 Iesus
761 806 782 844 in
796 807 876 853 parabo-

115 865 154 903 lam
166 862 268 909 Quomodo
283 868 350 911 potest
364 864 457 902 sathanas
472 864 567 902 sathanan
584 863 676 901 eiioiere?
693 865 719 901 24
735 863 763 901 Et
771 864 788 901 si
795 877 877 912 regnum

115 923 135 960 in
152 921 278 967 semetipsum
294 921 401 970 dividatur,
416 933 454 958 non
469 926 536 968 potest
550 926 603 959 stare
618 933 699 968 regnum
714 920 769 960 illud.
800 926 826 960 25
849 921 878 960 Et

117 980 134 1017 si
157 978 226 1016 domus
253 978 274 1015 in
296 978 422 1026 semetipsam
444 977 582 1027 disperoiatnr,
607 990 646 1015 101
667 981 733 1023 potest
752 977 821 1017 domus
842 978 877 1016 illa

115 1042 174 1074 stare.
191 1040 217 1073 26
233 1034 261 1072 Et
271 1035 288 1073 si
299 1035 392 1073 sathanas
403 1034 499 1072 sathanan
510 1034 591 1081 expellit
601 1033 684 1072 divisum
695 1040 727 1072 est
734 1048 813 1081 regnum
822 1036 876 1074 illius

113 1106 152 1131 non
168 1097 235 1138 potest
257 1097 310 1130 stare
326 1091 361 1130 sed
375 1092 433 1129 finem
448 1091 514 1130 habet.
545 1094 571 1130 27
595 1090 658 1130 Nemo
675 1096 742 1137 potest
756 1105 803 1130 vasa
817 1093 876 1131 fortis

115 1150 201 1195 diripere
216 1149 317 1195 ingressus
332 1149 352 1186 in
369 1149 454 1199 domum,
470 1149 508 1187 nisi
523 1149 579 1195 prius
592 1148 666 1186 fortem
681 1148 777 1198 ligaverit,
795 1155 815 1187 et
830 1156 877 1188 tuno

115 1207 193 1245 domum
209 1206 251 1244 eius
267 1205 350 1252 diripiet
372 1209 398 1244 28
415 1205 479 1244 Amen
495 1218 550 1244 amen
566 1205 609 1243 dieo
624 1205 680 1244 vobis
696 1206 787 1251 quoniam
810 1207 876 1253 remit·

114 1270 182 1302 tentur
197 1263 262 1301 omnia
277 1269 358 1310 peecata
373 1269 393 1301 et
407 1262 535 1309 blasphemiae
557 1262 603 1300 filiis
618 1263 729 1301 hominum:
753 1268 779 1301 21
796 1265 830 1311 qni
845 1279 877 1303 uu-

114 1331 154 1359 tem
169 1319 336 1366 blasphemaverit
351 1320 371 1357 in
392 1320 463 1366 spiritu
478 1324 552 1369 saneto,
578 1332 617 1358 non
643 1319 724 1358 habebit
741 1320 877 1360 remissionem

113 1379 134 1416 in
149 1383 253 1426 aeternum,
269 1377 304 1415 sed
318 1389 364 1415 reus
381 1377 419 1414 erit
434 1377 549 1424 sempiterni
565 1376 638 1415 delioti.
662 1374 802 1422 3011111111
825 1378 877 1417 dioe-

112 1435 160 1473 bant
176 1435 268 1488 spiritum
284 1433 406 1472 immundum
420 1432 499 1472 habere.
524 1438 548 1472 31
565 1433 594 1471 111
608 1439 705 1471 venerunt
719 1440 782 1472 mater
797 1435 839 1474 eius
856 1442 876 1474 et

113 1493 186 1530 fratres
202 1492 250 1538 eius,
268 1496 288 1529 et
303 1491 351 1529 foris
367 1496 443 1529 stantes
465 1491 562 1529 miserunt
584 1490 609 1528 ad
630 1490 686 1529 illum
707 1497 800 1530 vocantes
823 1506 873 1531 eum.

115 1554 141 1587 32
157 1548 185 1586 111
200 1548 291 1586 sedentes
307 1548 359 1586 eirea
374 1561 419 1585 eum
434 1548 504 1597 turbae,
526 1547 619 1586 dixerunt
633 1548 652 1585 ei
659 1547 711 1585 Eooe
726 1554 790 1586 mater
804 1555 839 1588 tua
854 1556 875 1588 et

113 1606 186 1643 fratres
202 1605 232 1643 tui
248 1610 268 1642 et
283 1617 360 1643 sorores
371 1611 412 1643 tuae
427 1604 476 1642 foris
492 1609 567 1643 stantes
578 1610 670 1652 quaerunt
685 1610 705 1642 te
715 1605 783 1644 videre
800 1610 824 1645 33
835 1604 874 1652 Qui

112 1662 233 1709 respondens
249 1662 300 1700 dixit
314 1661 353 1699 illis
370 1660 420 1707 Quae
438 1668 468 1700 est
483 1667 546 1699 mater
560 1675 604 1699 mea
624 1668 658 1700 aut
673 1661 707 1707 qui
728 1669 775 1700 sunt
799 1663 875 1703 fratres

112 1720 165 1758 mei?
189 1722 215 1757 24
231 1719 259 1757 Et
275 1720 434 1765 oiroumspioiens
456 1731 490 1757 eos
512 1719 546 1766 qui
566 1719 587 1757 in
610 1719 694 1757 oireuitu
716 1720 758 1758 eius
779 1720 874 1760 sedebant

113 1777 164 1815 dixit
178 1775 230 1815 Eooe
246 1782 309 1814 mater
324 1789 367 1814 mea
383 1782 403 1814 et
417 1776 490 1814 fratres
506 1776 556 1816 mei:
574 1780 598 1814 35
616 1780 636 1814 et
652 1776 686 1822 qui
700 1775 772 1815 feeerit
786 1777 874 1817 volunta-

112 1845 152 1872 tem
168 1833 206 1883 dei,
221 1834 254 1871 hio
269 1833 332 1871 frater
346 1846 401 1871 meus
417 1838 437 1870 et
452 1846 507 1871 soror
523 1838 543 1870 et
557 1838 622 1870 mater
637 1839 673 1871 est.

170 1887 204 1931 1V.
238 1894 247 1927 1
264 1889 293 1927 Et
308 1890 373 1936 eoepit
388 1891 461 1927 iterum
477 1890 546 1927 dooere
562 1889 587 1927 ad
601 1889 661 1939 mare,
678 1895 698 1927 et
713 1897 829 1938 congregata
844 1897 875 1930 est

113 1947 138 1985 ad
153 1960 198 1984 enm
209 1946 268 1984 turba
277 1946 347 1986 multa,
361 1946 390 1984 ita
399 1951 422 1984 ut
432 1946 453 1983 in
463 1959 531 1984 navem
543 1945 657 1984 ascenderet
671 1951 691 1984 et
705 1947 775 1985 sedens
785 1949 874 1994 proxime

113 2004 176 2052 littus,
194 2009 214 2041 et
229 2002 291 2041 omnis
307 2002 365 2040 turba
380 2003 401 2040 in
415 2002 483 2041 littore
504 2008 572 2041 staret.
596 2006 608 2039 2
631 2002 659 2041 Et
681 2002 764 2043 dooebat
785 2004 829 2044 illos
852 2006 874 2044 in

112 2059 210 2108 parabolis
226 2059 298 2099 dioens.
317 2064 327 2097 3
343 2058 395 2097 Eoee
411 2060 460 2098 exiit
475 2059 572 2098 seminans
589 2060 692 2098 seminare.
712 2063 725 2099 4
740 2061 768 2099 Et
783 2061 828 2100 dum
844 2076 873 2101 se·

112 2118 180 2166 minat,
196 2116 250 2155 aliud
265 2116 338 2155 oeoidit
352 2128 408 2155 seous
423 2117 481 2166 viam,
499 2122 519 2155 11
534 2122 631 2155 venerunt
650 2130 695 2155 aves
711 2123 732 2157 et
746 2120 874 2159 comederunt

113 2174 168 2213 illud.
186 2178 196 2212 5
214 2173 276 2212 Aliud
290 2186 336 2212 vero
352 2174 424 2211 oeoidit
439 2186 498 2220 supra
512 2179 592 2220 petrosa
607 2179 628 2212 et
643 2174 781 2221 quoniamnon
788 2176 874 2217 habebat

112 2238 185 2270 terram
200 2230 282 2269 multam
297 2236 318 2268 et
327 2231 395 2268 statim
406 2237 494 2269 exortum
506 2236 546 2282 est3
564 2236 574 2269 6
588 2237 608 2269 et
618 2232 664 2278 qnia
674 2245 712 2270 non
722 2233 808 2272 habebat
822 2234 874 2272 radi-

112 2303 154 2328 eem
164 2289 216 2327 faoto
228 2292 279 2326 aestu
290 2287 373 2327 exaruit.
392 2290 402 2325 7
418 2286 447 2326 Et
457 2288 510 2326 alind
520 2288 591 2327 oeoidit
601 2288 621 2326 in
631 2289 700 2341 spinis,
713 2295 733 2328 et
743 2290 874 2329 ascenderunt

112 2347 174 2392 spinae
193 2352 213 2384 11
230 2344 346 2383 suffocatum
364 2350 401 2395 est,
421 2350 441 2382 et
455 2345 542 2383 frustum
557 2359 596 2384 non
611 2345 671 2384 dedit.
696 2350 706 2384 8
730 2346 792 2385 Aliud
807 2351 873 2386 autem

112 2402 184 2440 oeoidit
191 2402 212 2440 in
220 2407 293 2440 terram
301 2400 377 2450 bonam,
387 2407 407 2439 et
415 2400 474 2440 dabat
481 2402 568 2441 fruetum
576 2403 713 2441 ascendentem
718 2409 739 2441 et
746 2410 873 2454 oresoentem,

111 2466 132 2499 et
140 2459 233 2497 afferebat
240 2458 326 2496 fructum
332 2458 464 2497 tl’ioessimum
470 2459 523 2497 aliud
531 2459 673 2507 sexagesimum
680 2459 871 2501 alindoentesimum.

112 2523 122 2556 t]
139 2516 167 2554 Et
183 2515 261 2554 dioebat
276 2513 315 2561 Qui
330 2514 390 2554 habet
405 2529 462 2554 aures
478 2516 571 2555 audiendi
586 2516 659 2556 audiat.
678 2519 702 2555 10
718 2517 804 2557 Etcum
820 2525 874 2558 esset

111 2573 223 2622 singularis,
240 2573 412 2619 interrogaverunt
427 2586 471 2611 eum
487 2574 579 2621 discipuli
594 2574 636 2611 eius
653 2585 696 2621 quae
712 2581 765 2613 esset
779 2576 872 2623 parabola

111 2631 159 2670 haeo.
192 2635 215 2668 11
235 2627 311 2675 Quibus
326 2630 369 2676 ipse
385 2630 435 2668 dixit
449 2630 513 2670 Vobis
534 2631 601 2670 datum
625 2636 655 2669 est
677 2644 733 2670 nosse
755 2634 872 2679 mysterium

110 2687 166 2735 regni
181 2687 219 2735 dei,
235 2686 276 2724 illis
292 2691 357 2725 autem
373 2687 407 2734 qui
422 2687 470 2726 foris
486 2693 532 2727 sunt
546 2689 567 2727 in
582 2687 680 2735 parabolis
696 2688 775 2738 dieitur,
801 2695 826 2729 12
849 2697 873 2729 ut
