1837 2928
63 60 84 96 c⁴
98 61 126 94 al.
141 46 143 50 '
413 53 482 89 11111111
798 56 824 92 27

62 187 82 225 in
96 186 194 231 Bethfage
209 182 229 219 in
244 184 331 218 montem
347 180 423 231 oliveti,
445 186 491 219 tunc
509 179 566 218 lesus
582 179 636 217 misit
652 180 700 218 dnos
716 179 823 227 discipulos

61 256 107 282 snos
131 247 142 279 2
166 241 232 278 dicens
256 237 284 275 eis
306 235 338 274 Ite
360 238 381 275 in
403 237 505 276 castellum
525 236 577 283 qnod
600 242 667 274 contra
686 250 720 276 vos
743 244 780 285 est,
804 246 824 277 et

61 298 166 337 invenietis
181 296 256 333 asinam
271 293 369 340 alligatam
385 301 406 332 et
419 295 494 341 pullum
511 306 554 332 cum
570 303 603 331 ea:
619 293 689 332 solvite
700 302 721 332 et
730 295 823 334 adducite

60 354 115 392 milii.
142 357 152 390 3
176 351 237 390 Etsi
253 351 296 396 quis
312 350 367 389 vobis
384 351 458 397 aliquid
478 351 558 399 dixerit,
581 350 640 388 dicite
664 351 710 396 quia
732 351 822 391 dominus

61 424 121 458 opera
135 422 203 448 eornm
220 407 332 457 desiderat,v
341 414 362 445 et
377 408 480 446 confestim
500 408 588 445 dimittet
601 419 641 445 eos.
665 410 677 444 4
695 407 741 446 Hoc
756 414 822 447 antem

59 468 134 506 factum
143 471 204 505 estut
212 464 353 510 adimpleretur
366 464 418 509 quod
426 465 500 503 dictum
508 470 538 502 est
545 463 699 511 perZacliariam
705 466 822 510 proplietam

60 524 159 562 dicentem
178 527 188 560 5
205 521 272 559 Dicite
287 520 333 558 iiliae
342 519 395 567 Syon
407 521 459 559 Ecce
474 533 510 559 rex
524 527 570 559 tuns
586 523 641 559 venit
655 520 693 559 tibi
701 527 821 572 mansuetus

60 586 80 619 et
95 580 164 619 sedens
181 591 240 625 snper
255 578 330 616 asinam
345 583 366 616 et
380 577 456 625 pullum
466 576 699 625 novellumsubiugalem.
718 582 727 616 t
744 577 820 617 Euntes

59 643 125 676 autem
141 636 232 683 discipuli
247 635 338 672 fecerunt
354 635 407 673 siout
420 636 516 682 praecepit
530 635 570 673 illis
585 634 649 687 Iesus,
673 636 683 673 Τ
700 639 720 673 et
735 636 820 674 adduxe-

58 701 105 733 runt
119 694 194 732 asinam
210 698 230 730 et
244 691 319 738 pullum
334 691 384 740 eins
399 697 420 730 ct
434 693 570 739 imposuerunt
584 705 643 738 super
658 705 691 731 eos
702 694 820 732 vestimenta

58 765 99 801 sna,
116 757 136 789 et
151 749 232 789 sedebat
247 762 305 795 super
321 748 436 788 eumlesns.
461 753 471 787 8
488 748 577 787 Plurima
592 754 658 787 autem
673 749 731 788 turba
746 757 821 789 strave-

57 814 104 846 runt
118 807 237 845 uestimenta
252 818 287 842 sua
302 805 323 842 in
338 806 376 856 via,
400 805 434 844 alii
452 812 517 844 autem
541 805 642 844 caedebant
672 806 695 843 dc
717 807 819 846 arboribus

56 877 120 901 ramos
136 870 157 900 et
172 867 286 900 straverunt
300 861 321 898 in
336 862 379 913 via3
397 867 407 900 9
424 862 488 900 turbae
504 867 569 900 autem
585 874 629 907 quas
644 863 782 908 praecedebant
800 871 820 901 et

57 932 101 965 quac
116 919 250 964 sequebantur
264 917 374 955 clamabant
396 918 484 956 dicentes
500 917 580 956 Osanna
602 918 642 955 filio
664 919 735 967 David,
759 919 818 957 bene·

57 976 122 1015 dictus
138 975 172 1024 qni
187 974 277 1015 venitin
292 975 370 1012 nominc
386 974 466 1024 domini,
492 987 564 1012 osanna
579 974 600 1012 in
623 974 711 1014 excelsis,
740 979 765 1013 10
791 975 819 1013 Et

56 1049 100 1075 cnm
115 1035 209 1075 intrasset
224 1031 365 1084 ierosolimam,
389 1039 485 1072 commota
501 1039 531 1072 est
546 1032 638 1072 universa
660 1032 730 1072 civitas
751 1032 817 1073 dicens

56 1092 105 1139 Quis
121 1097 151 1132 est
165 1093 212 1131 hiet
237 1096 260 1130 11
277 1091 338 1130 Multi
353 1098 419 1130 autem
434 1091 526 1130 dixerunt
541 1091 580 1130 Hic
596 1098 626 1130 est
640 1090 697 1131 Iesus
720 1094 817 1140 propheta

56 1150 182 1188 aNaaareth
197 1148 292 1187 (1111111111,
326 1153 351 1186 12
374 1148 401 1187 Et
416 1149 499 1187 intrarit
513 1148 571 1187 lesus
586 1150 606 1187 in
622 1150 716 1196 templum
733 1150 770 1196 dei,
797 1158 817 1189 et

55 1207 147 1247 eiiciebat
162 1218 228 1244 omnes
245 1211 331 1243 ementes
347 1211 368 1242 et
375 1206 482 1244 vendentes
497 1206 518 1243 in
533 1206 614 1252 templo„
629 1212 649 1243 et
657 1219 734 1245 mensas
749 1219 818 1245 numu-

53 1265 148 1303 lariorum
163 1270 183 1302 et
198 1263 301 1301 cathedras
316 1263 445 1301 vendentium
461 1263 560 1301 columbas
575 1263 654 1312 evertit,
679 1267 703 1302 13
731 1270 751 1302 et
766 1264 817 1303 [lixit

53 1322 92 1360 illis
109 1322 210 1369 Scriptum
234 1326 265 1359 est
280 1321 356 1359 Domus
378 1334 421 1359 inea
437 1321 505 1359 domus
526 1320 622 1359 oracionis
645 1321 758 1360 vocabitur:
781 1335 816 1361 vos

54 1384 119 1417 autem
134 1379 211 1416 fecistis
225 1372 280 1415 issam
295 1376 407 1423 speluncam
422 1378 526 1418 latronum.
552 1380 577 1415 11
600 1376 627 1415 at
650 1386 775 1417 accesserunt
790 1379 815 1417 ad

54 1448 99 1474 etim
114 1436 161 1473 caeci
177 1439 198 1472 et
213 1433 277 1472 claudi
292 1434 313 1471 in
328 1434 406 1483 tempto,
424 1441 444 1471 et
459 1435 537 1472 sanavit
551 1447 591 1474 eos.
621 1438 645 1471 15
669 1434 765 1473 Videntes
782 1449 815 1474 an·

51 1498 91 1529 tem
106 1492 206 1538 principes
223 1490 348 1529 sacerdotnm
363 1498 384 1529 et
399 1490 469 1530 scribae
484 1491 582 1530 mirabilia
597 1503 641 1537 quae
657 1491 706 1531 fecit
721 1491 777 1530 Iesus
794 1499 814 1531 et

51 1561 123 1594 pueros
138 1548 244 1585 clamantes
259 1548 280 1584 in
295 1547 367 1593 templo
383 1552 404 1585 et
419 1548 506 1585 dicentes
524 1546 604 1585 Osanna
618 1548 658 1586 filio
674 1548 745 1599 David³
765 1549 814 1587 indi-

51 1605 106 1650 gnati
121 1610 167 1642 sunt
184 1607 208 1641 te
225 1609 246 1641 et
261 1603 354 1641 dixerunt
369 1604 387 1641 ei
394 1603 460 1641 Audis
476 1603 523 1649 quid
538 1604 572 1641 isti
584 1604 666 1642 dicunt?
682 1603 739 1643 lesus
748 1611 813 1643 autem

52 1660 103 1698 dixit
118 1660 158 1698 illis
172 1659 258 1706 Utique:
282 1673 321 1697 non
335 1659 411 1706 legistis
427 1660 473 1705 quia
489 1672 513 1697 ex
528 1673 561 1697 ore
576 1660 682 1697 infanciuni
699 1667 719 1698 et
742 1661 813 1699 lactan-

52 1718 103 1754 oium
119 1716 221 1763 perfecisti
236 1715 326 1753 laudem?
343 1719 368 1754 17
384 1716 412 1753 m
426 1716 502 1754 relictis
517 1716 556 1754 illis
572 1715 621 1754 abiit
635 1716 688 1754 foras
704 1723 760 1755 extra
768 1718 813 1756 civi-

50 1780 112 1814 tatem
123 1775 143 1813 in
154 1773 277 1823 Bethaniam,
288 1772 356 1820 ibique
366 1773 443 1813 mansit.
463 1775 487 1812 18
504 1772 562 1812 Mane
573 1778 639 1811 antem
647 1773 745 1812 transiens
754 1774 812 1813 lesus

51 1834 72 1872 in
87 1833 187 1872 civitatem
203 1832 279 1881 esuriit¹
302 1836 326 1870 12
344 1838 364 1870 et
378 1832 447 1871 videns
462 1832 495 1871 tici
510 1831 598 1872 arborem
614 1845 673 1871 unani
688 1846 744 1872 secus
759 1834 812 1872 viani

50 1891 106 1930 venit
121 1891 145 1929 ad
161 1904 209 1941 eam,
226 1896 246 1928 et
261 1889 311 1929 nihil
326 1890 402 1928 inuenit
417 1890 438 1928 in
453 1889 486 1928 illa
502 1890 540 1929 nisi
555 1889 603 1928 folia
617 1895 701 1929 tantum.
731 1890 759 1929 Et
784 1892 813 1929 ait

51 1949 80 1987 illi
95 1948 201 1995 Nunquam
216 1962 241 1986 ex
255 1955 275 1986 te
290 1948 367 1987 fructus
388 1953 480 1987 nascatur
502 1949 522 1987 in
543 1948 690 1995 sempiternum.
721 1948 749 1987 Et
772 1963 813 1988 are·

50 2006 103 2044 facta
119 2012 149 2044 est
164 2006 257 2044 continno
272 2004 359 2043 ficulnea,
385 2009 411 2043 20
434 2005 462 2042 m
477 2005 567 2043 videntes
584 2006 676 2052 discipuli
690 2007 813 2045 mirabantur

51 2063 138 2101 dicentes
155 2061 256 2108 Quomodo
272 2063 364 2101 continno
380 2062 445 2100 aruit?
469 2066 493 2099 21
518 2061 646 2109 ltespondens
670 2069 735 2102 autem
755 2062 812 2102 lesus

50 2119 101 2157 dixit
116 2119 155 2157 illis
171 2119 235 2157 ⁴elnien
251 2119 294 2157 dico
309 2119 372 2169 vobis³
388 2120 405 2156 si
420 2119 530 2157 habueritis
545 2120 603 2157 fidem
619 2125 639 2158 et
654 2134 693 2159 non
708 2121 812 2160 haesitave-

50 2176 101 2225 ritis‚
118 2189 156 2214 non
171 2176 234 2214 solum
250 2176 274 2213 de
289 2175 371 2214 ficulnea
387 2176 471 2227 facietis,
487 2176 522 2215 sed
538 2183 558 2215 et
573 2178 590 2215 si
601 2177 664 2215 monti
678 2178 725 2215 huic
741 2178 811 2216 dixeri·

50 2233 77 2270 tis
92 2232 147 2270 Tolle
170 2239 190 2270 et
212 2234 285 2270 iactare
308 2233 329 2270 in
351 2244 413 2284 mare)
440 2233 482 2270 fiet:
509 2238 536 2270 22
559 2239 580 2272 θ1
603 2234 667 2272 omnia
690 2247 811 2280 quaeeunque

49 2289 148 2334 petieritis
163 2289 184 2326 in
200 2289 289 2326 oracione
305 2289 407 2327 credentes
427 2290 535 2335 accipietis.
559 2295 584 2327 23
608 2290 637 2327 Et
660 2302 703 2328 cnm
725 2291 812 2329 venisset

48 2346 70 2382 in
85 2345 186 2391 templum„v
202 2351 327 2382 accesserunt
342 2345 367 2382 ad
382 2358 427 2383 eum
434 2347 533 2392 principes
548 2346 673 2384 sacerdotnm
689 2352 709 2384 et
724 2347 811 2385 seniores

48 2401 116 2448 populi
132 2402 219 2439 dicentes
234 2401 259 2440 ln
274 2414 313 2447 qua
334 2407 433 2447 potestate
449 2402 492 2440 haec
506 2402 572 2440 facis?
595 2408 615 2440 et
638 2404 681 2448 quis
705 2402 812 2441 1111111111

48 2459 99 2499 lianc
114 2461 248 2507 potestatem?
272 2461 298 2498 at
321 2458 450 2506 Respondens
470 2458 528 2498 Iesus
550 2459 601 2499 dixit
623 2459 662 2500 illis
682 2458 811 2508 interrogabo

47 2531 83 2557 ves
99 2525 119 2557 et
135 2532 169 2566 ego
183 2532 245 2557 unum
259 2517 347 2570 verbum
363 2517 423 2556 dieite
439 2518 493 2566 mihi,
510 2525 531 2558 et
546 2532 580 2567 ego
596 2518 652 2558 robis
666 2518 729 2558 dicam
744 2519 764 2558 in
774 2532 812 2566 qua

48 2581 148 2622 potestate
163 2576 206 2614 baeo
221 2576 279 2615 facio.
304 2580 329 2615 25
346 2576 471 2623 Baptismum
479 2576 573 2615 lobannis
584 2577 636 2616 unde
652 2579 709 2615 erat?
725 2578 749 2616 do
763 2578 810 2617 caclo

49 2645 74 2670 an
89 2644 114 2670 cx
129 2632 255 2672 horninibus?
285 2634 314 2671 At
336 2633 365 2671 illi
381 2633 493 2679 cogitabant
508 2636 560 2672 inter
582 2648 603 2672 se
626 2631 714 2672 dicentes
739 2639 764 2673 at
790 2635 811 2674 Si

49 2689 157 2727 dixerimus
173 2690 197 2728 de
213 2690 272 2740 caelos
294 2691 346 2728 dicet
361 2689 417 2728 nobis
433 2688 498 2735 Quare
521 2704 566 2738 ergo
581 2704 621 2729 non
636 2691 811 2731 credidistis-illi?

47 2747 66 2785 si
81 2755 147 2786 autem
163 2746 270 2786 dixerimus
282 2747 314 2786 Ex
329 2747 447 2794 hominibus,
464 2748 556 2788 timemus
571 2748 660 2788 turbam:
677 2762 743 2789 omnes
759 2749 811 2788 enim
