1837 2928
76 83 96 119 O,
109 84 137 118 16.
441 76 504 111 11111111
550 95 551 98 =
809 83 834 115 21

75 214 182 256 tempestas
191 213 227 255 est,
240 204 371 244 rubicundum
382 205 433 251 enim
444 208 475 242 est
486 215 529 242 cum
539 203 625 241 tristicia
636 203 712 244 caelum.
728 205 741 240 4
757 201 836 241 Faciem

76 276 120 313 ergo
131 264 176 302 coeli
185 263 247 301 nostis
258 263 362 311 aestimare,
374 263 429 309 signa
440 266 504 299 autem
515 265 625 306 temporum
636 274 674 298 non
682 259 766 306 potest-is
777 260 836 297 scire.

76 320 183 360 Generacio
194 319 245 357 mala
255 325 276 356 et
286 318 375 357 adultera
392 319 464 364 quaerit
474 318 557 364 signum
579 321 599 354 et
614 329 652 353 non
666 316 745 354 dabitur
758 316 776 352 ei
796 316 835 353 nisi

75 375 218 424 signumIonae
228 376 336 422 prophet-ae.
358 375 386 413 111
401 375 476 413 11111111
489 374 528 412 11111
544 373 599 412 abiit.
624 372 679 410 5Et
694 373 836 410 cumvenisset

74 441 128 473 trans
135 433 214 479 fretum,
224 432 280 472 obliti
289 437 335 471 sunt
343 432 435 479 discipuli
444 432 485 470 eius
494 444 554 478 panes
563 429 657 476 accipere.
675 434 686 468 6
702 428 759 467 lesus
769 435 834 467 autem

75 492 126 530 dixit
140 490 179 529 illis
194 490 300 529 Attendite
315 490 370 529 vobis
386 502 398 528 a
413 490 509 528 fermento
525 488 676 534 Pharisaeorum
695 494 716 525 et
731 485 835 525 Sadducae-

74 563 134 588 orum.
154 550 164 586 7
181 548 236 587 Tunc
252 547 364 595 cogitabant
378 548 431 586 inter
446 560 467 585 se
483 547 571 585 dicentes
583 543 635 591 Quia
649 558 710 592 panes
726 558 764 583 non
780 556 832 583 acce-

73 607 143 653 pimus.
162 609 172 644 8
189 604 257 645 Sciens
273 611 338 643 autem
353 604 410 643 Iesus
426 604 477 642 dixit
492 602 544 650 Quid
560 603 651 650 cogitatis
667 603 720 641 inter
734 615 776 651 vos,
793 615 833 640 mo-

74 664 123 701 dicae
138 662 190 714 fidei,
206 663 252 709 quia
267 675 326 708 panes
342 675 380 700 non
390 662 481 700 habetis?
506 666 516 700 9
533 660 624 706 Nondum
633 657 760 699 intellexistis
769 672 832 706 ncquc

73 719 189 758 meministis
205 720 290 765 quinque
305 719 388 766 panibus
404 720 424 757 in
439 719 524 766 quinque
540 717 601 755 millia
620 718 726 767 hominum,
742 725 763 754 ct
785 725 833 763 quot

74 777 145 815 cofinos
165 777 291 823 sumpsistis?
320 781 344 815 10
367 789 430 823 neque
456 776 480 813 de
502 782 577 822 septem
601 774 685 820 panibus
707 775 727 812 in
750 781 834 820 quatuor

73 833 134 871 millia
149 833 257 882 hominum!
274 839 293 871 et
309 839 357 879 quot
372 839 448 880 sportas
464 831 591 879 sumpsistis?
610 835 632 869 11
645 829 709 877 Quare
725 844 763 869 non
779 830 834 869 intel-

73 890 135 937 ligitis
151 890 250 935 quianon
266 890 289 928 de
304 903 354 937 pane
370 890 412 928 dixi
426 889 482 928 robis
498 888 603 927 Attendite
626 901 637 926 a
652 889 749 926 formento
764 887 834 925 Phari·

74 960 158 985 saeornm
174 954 194 985 et
209 946 375 994 Sadducaeorum?
401 951 425 984 12
442 947 497 984 Tunc
512 946 653 984 intellexerunt
668 946 714 991 quin
729 958 767 983 non
783 945 834 982 dixit

73 1004 195 1042 afermento
210 1005 266 1051 panis
281 1004 316 1042 sed
331 1019 342 1043 a
357 1004 447 1042 doctrina
465 1003 613 1042 Pharisteorum
637 1009 657 1040 et
680 1002 833 1041 Sadducaeorum

73 1061 198 1099 attenderent
217 1061 262 1100 sibi.
286 1065 310 1099 13
327 1060 389 1100 Venit
404 1067 469 1099 autem
484 1060 541 1099 Iesus
557 1060 577 1098 in
592 1064 659 1106 partes
675 1058 771 1098 Qaesaroae
786 1058 833 1097 Phi-

73 1117 128 1165 lippi,
144 1122 164 1155 et
179 1118 313 1165 interrogabat
329 1118 434 1165 discipulos
450 1130 495 1155 suos
512 1117 578 1155 dicens
587 1115 650 1171 Quem
666 1116 734 1154 dicunt
743 1116 833 1154 homines

73 1187 116 1212 esse
131 1174 192 1212 filium
207 1175 307 1213 hominis?
330 1179 355 1213 14
379 1175 408 1212 At
428 1174 458 1212 illi
478 1174 571 1212 dixerunt
586 1172 628 1211 Alii
643 1174 751 1211 iohannem
770 1172 833 1220 bapti-

73 1237 131 1282 stam,
148 1230 182 1268 alii
197 1237 264 1269 autem
279 1231 364 1281 Heliam,
381 1231 414 1269 alii
429 1244 475 1269 vcro
491 1231 595 1269 Ieremiam
612 1236 721 1268 autunum
744 1241 768 1268 ex
790 1243 833 1276 pro·

71 1288 144 1334 plietis.
170 1291 193 1326 15
211 1288 269 1326 Dixit
284 1288 323 1326 illis
338 1288 395 1327 Iesus
410 1288 452 1326 Vos
468 1295 534 1326 autem
558 1300 614 1334 quom
634 1301 665 1325 me
687 1301 729 1325 1111
752 1287 833 1325 dicitis?

75 1349 99 1383 11
115 1344 243 1391 Respondens
259 1344 326 1384 Simon
334 1346 406 1384 Petrus
422 1343 473 1383 dixit
488 1346 519 1383 Tu
535 1358 555 1383 11
564 1343 655 1383 Christus
670 1344 722 1382 filius
739 1344 831 1382 deiviri.

75 1403 100 1439 11
115 1401 243 1448 Respondens
259 1408 325 1441 autem
340 1402 397 1441 lesus
414 1402 464 1440 dixit
479 1402 579 1440 eiBeatus
595 1414 621 1449 eS,
639 1401 706 1440 Simon
721 1401 762 1439 Bar
776 1400 832 1452 Iona,

72 1459 118 1505 quic
134 1470 178 1496 caro
194 1465 215 1497 et
229 1460 308 1506 sanguis
323 1473 362 1498 non
377 1459 473 1497 1111111111
488 1459 532 1509 tibi,
556 1458 591 1497 sed
606 1463 663 1505 pater
685 1471 740 1496 meus
763 1459 832 1505 quiin

57 1514 125 1553 >caelis
141 1520 176 1554 est.
196 1520 220 1554 18
237 1515 264 1554 Et
280 1515 314 1563 ego
330 1516 373 1554 dico
389 1516 426 1555 tibi
442 1515 487 1563 quia
502 1522 525 1554 tu
540 1529 560 1553 es
576 1515 656 1562 Petrus,
673 1522 693 1553 11
708 1528 768 1561 super
782 1515 833 1553 hanc

71 1577 147 1618 petru-m
163 1572 263 1611 aedificabo
279 1572 380 1611 ecclesiam
395 1586 464 1620 meam⁷
481 1578 502 1610 et
516 1578 580 1619 portae
595 1572 704 1610 inferorum
726 1585 765 1610 non
780 1585 831 1619 prae·

62 1628 164 1667 vvalebunt
179 1630 272 1668 adversus
288 1643 336 1668 eam.
355 1634 378 1668 lt
396 1629 423 1667 111
438 1629 475 1667 tibi
491 1630 540 1668 dabo
563 1629 626 1674 clares
649 1630 705 1676 regni
728 1629 831 1667 caelorum:

72 1691 91 1724 11
106 1697 226 1733 quaecunque
241 1686 349 1733 ligaveritis
365 1700 424 1733 super
438 1690 517 1735 terram,
546 1691 604 1724 erunt
618 1685 678 1733 ligata
693 1687 748 1724 etin
764 1686 830 1736 ceelis3

72 1748 92 1780 et
107 1754 228 1790 quaecunque
244 1743 343 1782 solveritis
359 1749 512 1793 superterram,
536 1747 594 1780 erunt
610 1742 674 1781 soluta
691 1750 711 1780 ot
729 1743 748 1780 in
768 1743 828 1783 caelis

72 1803 98 1837 20
115 1799 169 1836 Tunc
184 1800 289 1845 imperavit
304 1799 405 1847 discipulis
421 1800 461 1837 suis
477 1806 500 1837 111
519 1799 593 1838 nemini
610 1799 699 1837 dicerent
721 1799 773 1846 quod
789 1800 832 1846 ipse

71 1862 124 1894 esset
139 1854 230 1894 Christus
246 1856 309 1894 lesus.
326 1861 349 1894 2]
368 1856 445 1895 Exinde
461 1857 527 1903 coepit
536 1856 594 1894 111111
608 1856 712 1894 ostendere
729 1856 832 1902 discipulis

70 1906 111 1951 suis
127 1913 173 1959 qnia
188 1918 266 1960 oportet
281 1926 324 1951 cum
340 1914 369 1952 ire
379 1912 514 1952 Ierosolimam
530 1920 549 1951 et
565 1913 627 1951 multa
635 1914 677 1960 pati
693 1926 704 1950 a
718 1913 829 1951 senioribus

71 1976 91 2007 et
106 1969 176 2022 scribis
187 1976 207 2008 et
215 1983 226 2008 a
233 1969 355 2016 principibus
366 1970 489 2008 sacerdotum
501 1977 521 2008 et
532 1970 595 2008 occidi
603 1977 675 2017 etpost
685 1971 768 2008 tercium
781 1970 832 2008 diem

70 2039 178 2073 resurgere.
196 2031 222 2064 22
238 2026 266 2064 Et
281 2040 382 2066 assumens
398 2040 441 2065 eum
449 2026 522 2065 Petrus
539 2027 604 2073 coepit
618 2027 720 2073 increpare
736 2037 755 2064 et
767 2026 831 2066 dicere

70 2082 131 2121 Absit
146 2096 157 2120 a
172 2089 199 2133 te,
215 2083 302 2124 domine:
331 2097 368 2122 non
385 2084 424 2121 erit
438 2083 476 2121 tibi
490 2084 534 2123 hoc.
560 2088 585 2122 23
610 2083 638 2122 At
660 2084 703 2130 ipse
726 2095 831 2122 conversus

71 2139 122 2177 dixit
131 2139 192 2178 Petro
200 2140 257 2178 Vade
272 2146 325 2178 retro
338 2154 375 2188 me,
392 2146 479 2179 satanas:
496 2140 608 2179 scandalum
624 2154 644 2179 es
659 2141 715 2190 mihi,
732 2141 777 2188 quia
792 2154 830 2179 non

71 2196 124 2242 sapis
140 2209 163 2234 ea
178 2209 223 2243 quae
239 2196 270 2235 dei
285 2197 382 2236 suntsed
403 2210 426 2235 ea
449 2208 493 2244 quae
515 2198 625 2237 hominum,
656 2200 682 2235 24
705 2198 760 2236 Tunc
775 2197 832 2236 Iesus

71 2253 121 2291 dixit
137 2253 238 2300 discipulis
254 2254 294 2291 suis
311 2252 332 2292 Si
348 2255 391 2302 quis
407 2253 531 2293 1111111111
547 2260 592 2301 post
607 2267 644 2304 me¹
664 2254 747 2302 abneget
762 2268 782 2292 se
793 2255 831 2293 sibi

71 2316 92 2348 et·
106 2309 164 2348 tollat
180 2322 256 2349 crucem
271 2323 326 2348 suam
342 2318 362 2349 et
377 2317 472 2358 sequatur
494 2325 530 2350 me.
563 2316 588 2349 25
610 2309 657 2362 [Qui
680 2308 731 2349 enim
746 2311 832 2350 voluerit

71 2367 154 2405 animum
170 2380 225 2406 suam
240 2367 313 2406 salvam
329 2367 400 2417 facere⁷
415 2367 486 2414 perdet
501 2366 563 2420 eam];
579 2368 613 2414 qui
629 2369 680 2407 enim
690 2368 776 2407 voluerit
792 2369 831 2407 ani-

70 2437 120 2461 mam
136 2437 190 2461 suam
206 2424 288 2471 perdere
307 2429 388 2470 propter
410 2437 448 2473 me,
471 2424 559 2462 inveniet
580 2438 629 2464 eam.
661 2430 686 2463 26
711 2423 764 2470 Quid
779 2427 830 2463 enim

70 2480 152 2526 prodest
166 2481 242 2519 homini
257 2482 274 2518 si
288 2481 341 2518 hunc
348 2480 441 2518 mundum
457 2480 551 2527 lucretur,
568 2482 638 2519 animae
653 2495 699 2520 vero
715 2495 756 2519 suae
773 2482 831 2520 detri-

70 2542 157 2575 mentum
172 2538 276 2584 paciatur?
299 2545 333 2576 1111
348 2551 406 2585 quam
422 2537 477 2575 dabit
498 2538 556 2577 homo
572 2538 744 2577 commutacionem
760 2539 830 2577 animae

71 2596 126 2632 suae?
150 2596 176 2632 27
200 2594 251 2633 Nam
270 2594 333 2632 Filius
347 2594 433 2633 hominis
448 2601 544 2633 venturus
560 2601 591 2633 est
613 2595 633 2633 in
649 2596 752 2634 maiestate
767 2596 830 2642 patris

70 2651 108 2688 sui·
117 2662 161 2688 cum
177 2651 250 2699 angelis
266 2651 313 2700 suis,
338 2660 358 2690 et
373 2657 420 2690 tunc
435 2650 505 2690 reddet
529 2652 635 2699 unicuique
650 2652 831 2700 secundum-opera

71 2707 119 2748 eius.
144 2710 169 2746 28
193 2709 258 2747 Amen
274 2708 317 2746 dico
332 2707 388 2747 vobis
404 2707 496 2756 quoniam
513 2714 561 2748 sunt
581 2708 614 2746 hic
630 2709 690 2756 aliqui
713 2709 737 2748 de
752 2709 797 2749 istis
813 2722 831 2747 a·
