1837 2928
57 68 77 104 (l⁴
89 66 117 103 23.
130 67 159 100 94,
420 61 490 97 llatth.
792 69 818 104 31

55 194 124 232 fidem:
140 193 183 230 haec
199 190 288 237 oportuit
302 190 367 227 facere
383 194 404 227 et
418 189 454 226 illa
469 202 507 226 non
523 190 621 228 omittere.
645 193 672 227 24
688 189 754 228 Duces
770 191 820 239 ceciy

55 251 153 297 liquantes
176 248 264 297 culicem,
290 245 385 283 camelum
408 252 474 284 autem
501 245 614 292 glutientes.
646 251 671 284 25
695 247 733 285 Vae
754 246 817 295 vobis,

55 306 125 343 scribae
141 309 162 341 et
175 303 275 341 Pharisaei
290 302 407 351 hypocritae⁷
424 303 470 349 quia
486 302 585 340 mundatis
601 302 654 349 quod
676 302 699 340 de
715 303 763 340 foris
787 309 821 340 est

55 361 120 399 calicis
136 364 157 397 et
171 359 288 407 parapsidis,
313 359 368 395 intus
383 365 450 395 autem
464 358 518 404 pleni
541 359 589 395 estis
604 358 673 403 rapina
689 363 709 396 et
723 359 820 405 intempe-

55 416 126 454 rancia.
143 419 169 453 26
178 415 269 453 Pharisei
284 415 359 463 etcesi,
375 414 467 452 mundate
475 414 530 461 prius
539 414 591 461 quod
601 415 654 452 intus
670 420 702 452 est
716 414 782 452 calicis
798 421 818 452 11

54 473 170 521 parapsidis,
195 478 219 512 nt
242 473 278 511 fiat·
301 471 322 510 id
345 471 396 518 quod
416 471 503 510 deforis
519 471 664 513 estmundum.
689 472 715 511 27
731 471 768 510 Vae
786 484 819 510 vo-

53 532 90 582 bis,
107 531 177 571 scribae
192 536 213 570 11
227 530 326 570 Pharisaei
340 530 456 579 hypocritae,
473 530 518 578 quia
539 530 614 568 similes
636 530 684 570 estis
707 530 820 577 sepulchris

54 589 157 641 dealbatis,
188 602 232 636 qnae
259 589 307 627 foris
336 594 407 634 parent
436 587 548 626 hominibus
573 588 667 638 speciosa,
692 588 746 626 intus
768 601 815 626 vero

53 647 111 693 plena
126 651 172 685 sunt
187 646 263 685 ossibus
278 651 400 684 mortuorum
415 650 436 683 et
450 646 502 683 omni
517 645 620 691 spurcicia.
644 650 670 684 28
688 644 727 684 >Sic
743 650 764 684 et
778 658 813 684 vos

54 703 128 741 aforis
144 704 223 748 quidem
237 703 311 748 paretis
326 701 438 740 hominibus
454 702 508 751 iusti,
532 702 586 739 intus
601 708 668 740 autern
690 702 743 748 pleni
764 702 814 740 estis

53 758 153 805 hypocrisi
168 765 189 797 et
203 759 315 804 iniquitate.
339 763 365 796 29
381 758 419 796 Vae
434 758 497 807 vobis,
513 757 584 796 scribae
600 763 620 795 et
635 757 734 796 Pharisaei
751 759 813 804 hypo·

54 816 117 864 critae,
134 815 167 860 qui
183 815 284 853 &edificatis
299 815 404 860 sepulchra
418 815 559 861 prophetarum
574 823 595 852 et
605 816 679 853 ornatis
689 820 816 852 monumenta

53 872 157 921 iustorum,
167 875 192 909 30
202 876 223 909 et
230 871 296 909 dicitis
305 869 357 916 Quia
365 871 382 908 si
390 870 495 908 fuissemus
503 871 523 908 in
530 870 599 908 diebus
607 876 686 917 patrum
696 875 818 920 nostrorum7

53 941 92 966 non
107 941 194 966 essemus
209 928 258 966 socii
273 941 340 965 eorum
355 928 375 965 111
399 928 493 974 sanguine
515 927 662 974 prophetarum.
693 932 717 965 31
744 926 815 973 Itaque

53 985 187 1023 testimonium
194 985 278 1022 redditis
285 983 340 1023 vobis
349 984 395 1029 quia
402 982 437 1021 filii
452 984 500 1021 estis
516 996 583 1021 eorum
598 984 632 1028 qui
646 984 753 1030 prophetas
768 984 820 1021 0101-

53 1041 130 1078 derunt.
154 1044 179 1078 32
202 1040 230 1078 Et
244 1053 279 1079 vos
294 1040 375 1086 implete
390 1052 501 1077 mensuram
516 1045 594 1085 patrum
602 1045 719 1078 vestrorum.
737 1038 816 1077 33811-

53 1102 123 1146 pentes
138 1098 241 1145 progenies
257 1097 375 1144 viperarum,
392 1096 488 1143 quomodo
504 1096 587 1144 fugietis
603 1096 695 1135 aiudieio
705 1097 816 1144 gehennae?

55 1157 81 1193 34
97 1153 145 1192 Ideo
161 1168 206 1193 ecce
222 1168 256 1202 ego
272 1155 330 1192 mitto
346 1154 371 1192 ad
385 1167 420 1193 vos
430 1154 537 1201 prophetas
547 1161 567 1192 11
573 1154 672 1201 sapientes
680 1155 733 1193 viros
742 1159 762 1192 11
769 1154 816 1192 scri·

53 1212 95 1263 bas,
111 1224 136 1250 ex
150 1211 191 1251 illis
208 1212 301 1250 occidetis
318 1218 338 1250 et
359 1212 483 1261 crucifigetis,
507 1217 527 1249 et
550 1225 574 1249 ex
597 1212 626 1250 eis
648 1211 772 1259 flagellabitis
795 1212 816 1249 in

54 1269 156 1316 synagogis
181 1270 253 1316 vestris
282 1273 303 1307 et
326 1269 471 1315 persequemini
499 1268 523 1306 de
555 1268 637 1306 civitate
662 1269 681 1307 in
707 1269 815 1313 civitatem,

55 1331 79 1365 35
97 1326 158 1364 donec
173 1327 241 1365 veniat
255 1340 315 1373 super
329 1339 364 1364 vos
380 1326 442 1364 omnis
458 1326 536 1373 sanguis
552 1326 616 1363 iustus
633 1326 666 1371 qui
690 1326 763 1364 effusus
785 1330 816 1363 est

54 1396 113 1429 super
128 1389 207 1432 terram!
224 1397 235 1420 a
250 1383 343 1430 sanguine
358 1383 410 1421 Abel
425 1383 474 1420 insti
489 1395 551 1428 usque
574 1382 598 1420 ad
614 1383 728 1430 sanguinem
742 1382 818 1420 Zacha-

53 1440 89 1477 riae
109 1439 144 1476 filii
165 1439 275 1488 Emathiae,
301 1452 359 1486 quem
384 1439 485 1478 occidistis
508 1439 560 1477 inter
582 1438 676 1484 templum
702 1446 722 1476 et
746 1438 814 1476 altare.

55 1500 80 1534 36
97 1496 163 1533 Amen
181 1495 237 1534 vobis
260 1496 310 1544 dico,
333 1496 413 1534 venient
435 1495 478 1533 haeo
499 1495 564 1533 omnia
586 1508 645 1541 super
667 1495 815 1542 generacionem

53 1553 117 1591 istam.
134 1550 161 1590 37
176 1552 286 1590 Ierusalem
300 1551 415 1601 Ierusalem
432 1564 476 1597 qnae
492 1551 564 1589 occidis
580 1551 687 1597 prophetas
704 1558 724 1589 et
739 1551 815 1597 lapidas

53 1621 86 1646 cos
102 1608 135 1653 qui
151 1607 176 1645 ad
192 1615 211 1646 te
226 1609 281 1645 missi
296 1614 348 1657 sunt,
372 1608 450 1653 quoties
472 1607 526 1645 volui
548 1620 665 1653 congregare
687 1608 738 1645 filios
762 1613 818 1657 tuos7,

53 1664 215 1711 quemadmodum
227 1664 299 1710 gallina
306 1670 410 1710 congregat
417 1663 481 1711 pullos
490 1676 536 1701 suos
544 1663 580 1701 sub
588 1663 628 1700 alas
636 1676 688 1712 suas,
698 1669 719 1700 et
726 1663 814 1702 noluisti.

54 1724 79 1758 38
95 1719 147 1758 Eece
162 1721 285 1767 relinquetur
299 1720 355 1759 vobis
371 1720 440 1758 <lomus
455 1725 522 1757 vestra
537 1719 621 1757 deserta.
646 1724 671 1757 39
688 1719 738 1757 Dico
747 1725 813 1757 autem

52 1777 113 1828 vobis,
131 1777 176 1826 quia
191 1790 230 1817 1101
244 1791 275 1817 me
291 1777 383 1817 videbitis
399 1776 477 1816 amodo
492 1776 552 1816 donec
563 1776 634 1815 dicatis
644 1775 765 1816 Benedictus
781 1777 815 1823 qni

52 1836 107 1875 venit
122 1836 143 1874 in
158 1837 235 1875 nomine
252 1836 330 1875 domini.

109 1890 186 1936 XXIV.
219 1898 228 1931 1
245 1893 273 1932 Et
288 1906 377 1941 egressus
392 1892 449 1931 Iesus
465 1892 489 1930 de
505 1892 577 1939 templo
593 1891 640 1941 ibat,
657 1898 678 1930 et
690 1897 816 1941 accesserunt

53 1950 77 1989 ad
92 1964 136 1999 1111
152 1951 243 1998 dissipuli
258 1951 300 1990 eins
316 1958 339 1990 11
354 1950 481 1989 ostenderent
491 1950 510 1988 11
525 1953 635 1988 structuras
643 1950 718 1997 templi.
739 1954 751 1987 2
768 1948 814 1996 lpse

52 2014 118 2046 autem
132 2009 252 2055 respondens
276 2009 327 2046 dixit
348 2008 388 2046 illis
403 2008 483 2046 Videtis
505 2008 548 2045 haec
573 2004 655 2047 omnia?
685 2008 751 2045 Amen
770 2007 813 2045 dico

52 2065 114 2117 vebis,
131 2079 168 2103 non
183 2066 306 2112 relinquetur
320 2066 353 2103 1110
376 2065 426 2111 lapis
441 2078 501 2111 snper
516 2064 601 2110 lapidem
617 2064 651 2110 qui
672 2078 710 2103 non
726 2064 816 2102 destrua-

53 2128 91 2160 tur.
117 2127 127 2160 3
152 2121 237 2161 Sedente
252 2129 319 2160 autem
333 2123 376 2168 ipso
392 2124 413 2160 in
427 2127 493 2159 11101111
509 2121 578 2159 oliveti
593 2127 719 2160 accesserunt
734 2121 814 2159 adeum

53 2178 144 2225 discipuli
159 2180 201 2217 eius
217 2186 293 2218 secreto
310 2179 397 2217 dicentes
413 2178 451 2216 Dic
466 2178 530 2228 nobis7
555 2178 631 2225 quando
646 2179 690 2217 haec
706 2184 769 2226 erunt,
793 2183 817 2215 et

52 2235 105 2281 quod
119 2235 196 2282 signum
211 2236 306 2274 adventus
322 2236 352 2273 tui
368 2242 388 2273 et
407 2235 582 2273 consummacionis
597 2235 678 2273 saeculi?
704 2237 716 2272 4
741 2234 770 2271 Et
784 2247 813 2271 re-

52 2292 149 2337 spondens
164 2291 221 2330 lesus
237 2292 288 2329 dixit
304 2292 332 2330 eis
347 2291 421 2329 Videte
436 2305 460 2329 ne
476 2292 520 2337 quis
543 2304 579 2329 101
595 2291 677 2329 seducat
691 2290 732 2328 ullo
748 2289 814 2328 modo,

53 2352 63 2385 5
80 2348 141 2385 Multi
156 2349 208 2386 enim
222 2349 302 2386 venient
316 2348 337 2385 in
352 2348 429 2385 nomine
444 2360 487 2385 meo
503 2347 590 2386 dicentes
605 2346 648 2393 Ego
663 2360 706 2385 sum
715 2345 812 2394 Christus,

52 2409 72 2441 11
94 2404 167 2442 multos
190 2404 288 2443 seducent,
315 2409 325 2442 6
349 2404 460 2442 Audientes
483 2409 549 2441 autem
573 2403 648 2449 proelia
670 2410 691 2441 et
712 2402 812 2449 opiniones

51 2461 181 2507 proeliorum:
205 2456 272 2501 videte
287 2473 311 2500 ne
327 2460 444 2514 turbemini3
468 2464 547 2507 oportet
567 2460 618 2499 enim
640 2459 684 2499 haec
705 2459 754 2508 fieri,
778 2459 814 2498 sed

52 2519 138 2558 nondum
153 2526 184 2559 est
198 2520 248 2562 finis.
280 2521 290 2559 7
314 2519 408 2567 insurget
423 2519 475 2558 enim
489 2532 536 2567 gens
552 2524 620 2558 eontra
642 2524 720 2567 gentem
741 2521 761 2556 et
782 2528 813 2555 re-

51 2592 110 2625 gnum
125 2584 193 2617 contra
207 2592 295 2629 regnum,
311 2585 332 2617 et
347 2585 405 2617 erunt
419 2577 543 2624 pestilenciae
558 2583 579 2616 11
594 2577 655 2615 fames
671 2584 691 2615 et
706 2582 765 2623 terrae
773 2589 813 2614 1110-

52 2642 83 2674 tus
99 2648 135 2681 per
150 2635 226 2683 singula
240 2636 288 2675 loca.
315 2640 325 2674 8
350 2636 400 2674 Haec
422 2641 487 2673 autem
503 2634 567 2673 omnia
581 2634 641 2673 inicia
655 2637 702 2674 sunt
717 2633 813 2673 dolorum.

53 2696 63 2730 9
81 2692 136 2730 Tunc
151 2693 230 2731 tradent
244 2707 279 2732 vos
294 2693 315 2731 111
330 2693 479 2732 tribulacionem
494 2698 515 2730 et
537 2692 627 2730 occident
641 2705 689 2741 ros,
713 2696 734 2730 et
756 2691 813 2729 eritis

52 2749 97 2787 odio
113 2749 202 2787 omnibus
218 2750 309 2796 gentibus
325 2756 406 2795 propter
424 2762 494 2786 nomen
509 2762 580 2788 meum.
606 2752 630 2786 10
654 2749 682 2787 Et
697 2755 745 2787 tunc
759 2761 815 2785 scan-
