1837 2966
31 89 32 92 ’
90 80 110 117 Ο.
123 83 151 116 13.
166 84 194 124 11,
447 79 486 116 Ich.
809 89 848 123 129

90 207 181 247 turbatus
197 215 228 246 est
243 207 263 245 in
274 206 346 253 spiritu
361 211 387 244 et
395 211 517 253 protestatus
534 213 564 245 est
580 213 600 245 et
611 207 661 246 dixit
667 208 731 247 Amen
742 222 798 247 amen
809 209 853 248 dico

89 265 145 304 vobis
161 263 213 310 Quia
227 276 278 302 unus
293 276 318 301 ex
332 262 387 301 vobis
403 262 468 301 tradet
490 277 526 302 me.
559 268 586 301 22
609 264 739 311 Aspiciebant
760 279 805 313 6166
830 266 854 304 ad

90 322 175 360 invicem
190 320 287 371 discipuli,
310 320 426 358 haesitantes
451 319 474 358 de
491 333 529 366 666
546 320 627 359 diceret.
659 325 684 359 23
715 321 765 361 Erat
787 329 853 362 autem

89 378 204 417 recumbens
219 391 269 416 unus
286 388 310 416 ex
325 376 426 423 discipulis
442 377 484 415 eius
499 377 520 415 16
530 377 575 415 6166
585 376 639 427 Iesu,
655 389 711 425 quem
723 378 814 426 diligebat
822 379 852 417 16-

89 447 134 474 sus:
166 438 193 473 24
208 435 287 473 Annuit
302 447 347 481 ergo
366 433 413 471 huic
428 431 496 471 Simon
510 433 585 472 Petrus
608 440 628 472 et
649 434 700 472 dixit
715 435 734 472 61
747 434 853 489 Interroga

90 491 114 530 de
129 505 167 539 666
184 491 248 530 dicit?
278 495 303 529 25
320 490 359 529 Ait
374 491 441 536 itaque
457 502 500 528 cnm
516 492 639 529 recumberet
658 490 692 528 ille
707 503 767 538 super
781 498 851 538 pectus

88 547 142 599 Iesu,
158 555 178 587 et
193 549 242 587 dicit
257 549 276 587 61
290 547 382 596 Domine,
398 547 442 594 quis
457 553 488 585 est
503 548 538 594 661
553 547 619 586 tradet
634 549 669 586 te?
700 552 725 586 26
742 548 852 594 Respondit

88 604 145 644 16666
160 604 197 643 1116
212 611 243 643 661
257 604 289 644 661
305 617 339 651 666
354 603 460 642 intinctum
474 617 544 650 panem
561 615 680 650 porrexero>
706 604 734 642 Et
757 618 801 642 cum
823 606 851 642 in-

89 662 181 701 tinxisset
195 675 272 711 panem,
297 659 647 699 161111616681616618661161166.
678 662 703 699 27
730 660 759 700 Ut
774 663 851 708 accepit

88 730 158 766 panem
172 718 264 757 introivit
278 718 298 755 in
313 717 369 755 illum
384 717 483 755 sathanas.
499 716 555 755 Dicit
570 729 615 763 ergo
631 716 714 755 6116666
725 715 782 763 Quod
792 717 849 766 facis,

88 774 119 812 166
134 775 199 813 citius.
230 777 256 812 28
273 773 318 811 Hoc
333 778 398 811 autem
413 786 469 811 nemo
485 773 652 812 discumbentium
675 774 734 811 scivit
755 774 780 812 ad
801 774 850 820 quid

89 831 162 869 dixerit
177 831 205 868 ei:
237 835 262 868 29
280 829 358 876 quidam
374 830 425 867 enim
439 829 536 876 putabant
551 830 597 876 quia
612 829 686 868 loculus
694 829 780 868 habebat
787 829 849 868 ludas

89 888 135 932 6616
150 887 199 925 dicit
214 887 232 924 ei
247 885 304 924 Iesus
311 885 361 924 Eme
377 899 400 924 ea
415 897 458 933 6666
474 899 522 933 opus
538 892 584 924 sunt
600 886 654 925 nobis
670 886 695 924 ad
711 886 762 924 diem
776 887 849 924 festum

88 945 146 991 hunc,
162 948 197 981 aut
211 944 276 990 egenis
292 942 368 988 aliquid
383 942 446 982 (16161.
471 947 497 981 30
514 942 563 981 Oum
578 956 624 989 6166
640 943 748 990 accepisset
762 942 795 980 ille
804 943 850 982 buc-

89 999 163 1050 cellam,
179 1000 241 1038 exivit
255 999 358 1038 continuo:
382 1006 425 1037 6161
440 1004 504 1037 antem
519 1011 564 1037 nox.
596 1003 620 1037 31
638 998 687 1038 Cum
702 1012 747 1046 6166
770 1000 843 1037 exisset

88 1055 126 1105 ille,
144 1056 193 1094 dicit
206 1055 263 1094 16666
270 1055 328 1094 Nunc
343 1055 460 1094 clarificatus
476 1061 507 1094 est
521 1056 572 1094 filius
586 1056 678 1105 hominis,
694 1062 714 1094 et
729 1055 776 1094 deus
792 1056 847 1093 clari-

87 1113 156 1150 ficatus
171 1118 202 1150 est
217 1114 237 1150 in
252 1125 302 1150 eum.
335 1116 361 1150 32
377 1112 405 1149 111
420 1112 467 1150 dens
482 1112 597 1150 clarificabit
612 1125 655 1150 enm
671 1113 691 1149 in
707 1112 818 1158 semetipso,
827 1119 848 1150 et

88 1170 178 1207 continuo
194 1168 309 1207 clarificavit
324 1180 375 1208 6661.
402 1168 517 1222 3311111611Ἰ
533 1168 597 1206 adhuc
612 1168 709 1208 modicum
724 1174 801 1214 tempus
816 1181 849 1206 vo-

87 1226 165 1263 biscum
180 1238 223 1263 sum
239 1231 259 1263 et
273 1225 362 1271 quaeritis
377 1238 415 1273 me,
431 1219 482 1263 sicut
494 1225 536 1263 dixi
550 1224 624 1263 Iudaeis
640 1223 683 1270 Quo
699 1238 734 1271 ego
749 1224 798 1262 vado
813 1238 847 1263 166

86 1294 125 1319 666
139 1282 223 1327 potestis
233 1282 307 1330 venire,
323 1288 343 1319 et
353 1280 409 1320 vobis
418 1281 462 1319 dico
473 1281 537 1319 modo.
556 1283 581 1319 34
597 1280 721 1328 Praeceptum
737 1294 807 1319 novum
823 1281 847 1319 do

86 1338 141 1376 vobis
156 1345 179 1375 61
196 1337 283 1384 diligatis
299 1338 388 1386 invicem,
412 1338 464 1375 siout
485 1337 545 1376 dilexi
567 1350 609 1377 vos.
639 1341 664 1375 35
690 1337 714 1375 16
733 1337 771 1375 hoc
796 1338 847 1375 enim

87 1401 203 1440 cognoscent
218 1407 283 1432 omnes
298 1394 345 1441 6616
359 1393 451 1440 discipuli
466 1395 505 1432 mei
526 1395 580 1442 ostis,
604 1394 621 1432 61
637 1394 761 1432 dilectionem
776 1393 848 1432 habue-

89 1451 133 1488 ritis
149 1450 173 1488 ad
188 1450 278 1488 invicem.
301 1454 325 1488 36
342 1450 397 1488 Dicit
412 1451 430 1488 61
446 1449 512 1489 Simon
528 1450 600 1501 Petrus
616 1450 706 1500 Domine³
722 1462 760 1495 666
778 1450 848 1488 vadis?

88 1506 199 1553 Respondit
213 1506 270 1544 Iesus
286 1504 329 1559 Quo
345 1519 380 1553 666
395 1506 444 1544 vado
460 1513 483 1544 tu
497 1520 536 1545 non
551 1513 607 1552 potes
623 1520 653 1544 me
668 1506 725 1544 modo
741 1507 803 1556 sequi7
819 1519 848 1543 se-

88 1565 153 1609 queris
169 1569 234 1601 autem
249 1569 324 1609 postea
352 1564 377 1601 37
394 1562 450 1601 Dicit
465 1564 482 1601 ei
497 1563 571 1601 Petrus
586 1562 669 1600 Domine
678 1574 737 1610 qnare
752 1575 790 1600 non
805 1575 847 1609 pos·

87 1632 153 1657 sumus
169 1620 225 1664 sequi
241 1626 260 1656 te
275 1620 351 1657 modo?
380 1620 464 1656 animam
478 1632 540 1657 meam
565 1632 601 1664 pro
616 1625 636 1656 te
651 1630 727 1665 ponam.
759 1622 784 1656 38
808 1618 847 1656 Re·

87 1675 166 1721 spondit
180 1674 237 1713 16666
253 1682 273 1713 61
289 1675 339 1713 dixit
355 1677 373 1713 ei
388 1676 480 1713 Animam
503 1680 557 1713 tuam
580 1688 615 1721 pro
630 1687 660 1713 me
676 1677 752 1721 pones?
781 1675 846 1713 Amen

87 1745 145 1769 amen·
158 1731 201 1770 dico
217 1731 259 1779 tibi,
276 1733 366 1777 quoniam
383 1745 420 1770 non
436 1732 523 1769 cantabit
537 1731 599 1778 661166
615 1731 675 1769 donec
690 1745 721 1769 me
736 1738 767 1769 ter
780 1744 844 1778 neges.

144 1783 198 1829 XIV.
231 1791 239 1824 1
257 1786 285 1825 Et
300 1788 329 1825 ait
344 1787 445 1834 discipulis
461 1788 502 1825 suis
517 1787 562 1826 Non
577 1787 668 1826 turbetur
691 1800 725 1825 cor
746 1794 844 1827 vestrum:

87 1845 162 1882 credite
177 1845 197 1882 in
213 1844 277 1893 deum,
294 1845 349 1882 etin
364 1857 394 1882 me
410 1842 491 1883 credite.
523 1848 535 1882 2
551 1843 576 1882 16
588 1843 649 1882 -domo
664 1844 726 1891 patris
741 1844 780 1882 mei
794 1857 847 1882 man-

86 1901 150 1939 siones
175 1899 243 1938 multae
267 1907 312 1939 sunt
334 1901 351 1938 si
373 1913 410 1946 666
433 1901 497 1938 minus
521 1900 614 1938 dixissem
639 1900 704 1938 vobis:
728 1900 773 1945 quia
795 1901 845 1938 vado

85 1969 154 2002 parare
183 1956 239 1995 vobis
268 1957 337 1996 locum.
377 1962 387 1995 3
418 1956 446 1995 Et
476 1958 494 1995 si
523 1957 589 1995 abiero
619 1963 639 1995 et
668 1952 761 2003 paravero
791 1956 846 1995 vobis

85 2014 156 2064 locum,
192 2014 264 2051 iterum
293 2015 350 2052 venio
381 2020 401 2052 et
430 2014 517 2052 accersio
547 2026 580 2052 vos
611 2013 635 2051 ad
664 2026 695 2051 me
724 2013 795 2064 ipsum,
824 2020 847 2051 nt

84 2069 119 2107 ubi
134 2082 170 2116 666
186 2081 228 2107 6616
245 2076 265 2107 61
279 2082 314 2108 166
330 2070 380 2107 sitis.
411 2073 424 2107 4
447 2070 476 2107 Et
491 2082 529 2115 666
544 2082 579 2116 666
604 2070 654 2108 vado
677 2070 728 2114 sitisy
752 2077 772 2107 et
793 2070 845 2107 viam

85 2126 154 2175 nostis,
186 2130 196 2163 5
213 2125 269 2163 Dicit
284 2126 302 2163 ei
317 2125 403 2164 Thomas
413 2126 505 2174 Domine,
521 2126 618 2164 nescimus
634 2137 671 2172 666
687 2126 749 2175 vadis7
766 2132 845 2171 61666·

84 2181 260 2235 166116666661666
275 2183 327 2219 11616
342 2182 407 2220 scire?
439 2182 522 2220 tDicit
537 2183 555 2220 61
570 2182 626 2220 16666
641 2181 683 2228 Ego
707 2194 749 2219 snm
772 2182 805 2219 via
825 2188 846 2220 et

83 2238 156 2276 veritas
173 2244 193 2276 et
207 2239 259 2278 vita:
276 2251 332 2276 nemo
347 2239 402 2277 venit
417 2239 442 2276 ad
456 2244 533 2285 patrem
549 2239 587 2276 nisi
602 2251 638 2285 per
652 2251 689 2276 166,
713 2240 724 2275 7
741 2237 762 2275 Si
778 2251 845 2284 cogno·

83 2295 140 2333 vistis
162 2308 200 2345 me,
229 2301 249 2332 et
270 2301 347 2341 patrem
368 2308 433 2333 meum
456 2295 584 2342 cognovistis:
617 2302 638 2333 61
660 2308 671 2333 a
697 2293 754 2332 modo
782 2295 844 2332 nostis

83 2365 127 2389 eum
143 2359 164 2389 et
177 2351 256 2390 vidistis
272 2364 322 2391 enm.
354 2351 441 2390 8Dicit
456 2353 474 2390 ei
489 2351 594 2399 Philippus
610 2351 700 2402 Domine3
716 2350 796 2389 ostende
812 2364 845 2389 no·
875 2384 876 2387 ,

82 2407 113 2446 bis
127 2414 210 2457 patrem,
235 2414 255 2445 et
270 2407 345 2446 sufficit
359 2408 421 2448 nobis
455 2413 466 2446 9
490 2409 545 2447 Dicit
568 2408 657 2447 6116666
673 2408 736 2445 Tanto
757 2416 844 2454 tempore

82 2464 183 2503 vobiscum
198 2478 248 2516 suin7
263 2470 284 2502 et
299 2469 340 2502 non'
353 2465 473 2511 cognovistis
487 2479 524 2511 166,
540 2465 650 2511 Philippe'?
687 2462 727 2509 Qui
741 2464 792 2501 vidit
806 2477 843 2511 me,

81 2520 133 2558 vidit
149 2531 169 2559 61
184 2528 259 2568 patrem
274 2532 349 2559 meum:
366 2522 462 2568 quomodo
479 2527 501 2560 tu
516 2522 565 2560 dicis
581 2520 669 2560 Ostende
684 2520 739 2559 nobis
754 2522 843 2567 patrem?

59 2604 62 2609 .
84 2579 109 2613 10
125 2576 171 2615 Non
187 2579 268 2616 creditis
284 2579 330 2624 6616
345 2591 380 2624 666
395 2579 417 2615 in
431 2583 488 2624 patre
503 2586 524 2616 et
538 2585 595 2625 pater
610 2579 630 2616 in
645 2591 680 2616 me.
699 2579 743 2615 est?
776 2576 843 2614 Verba

82 2646 127 2678 quae
142 2646 177 2680 ego
192 2634 261 2683 166661·
276 2633 339 2681 vobis,
362 2647 418 2672 ame
433 2635 476 2681 ipso
491 2647 530 2673 non
552 2634 637 2683 loquor:
658 2639 714 2680 pater
736 2638 800 2670 aut-em
823 2634 844 2670 in

79 2702 109 2727 me
133 2697 206 2742 166661,
231 2692 273 2739 ipse
295 2691 384 2737 loquitur
406 2698 426 2729 et
448 2704 508 2738 opera
530 2704 574 2739 6666
596 2704 630 2738 666
653 2690 703 2728 facio
726 2688 768 2736 ipse
789 2690 842 2728 facit.

83 2750 105 2783 11
124 2745 204 2786 Credite
219 2750 268 2786 mihi
284 2749 330 2794 6616
345 2761 380 2795 666
396 2749 414 2786 16
431 2756 488 2794 patre
503 2755 524 2786 61
534 2756 591 2795 pater
606 2749 626 2785 in
641 2760 671 2784 166
688 2748 731 2785 est?
755 2745 843 2783 12Α116-

78 2804 125 2849 6616
140 2811 223 2851 propter
238 2819 297 2851 opera
311 2807 355 2852 ipsa
369 2805 450 2844 credite.
476 2805 540 2843 Amen
557 2817 612 2843 amen
624 2802 739 2854 [1166161116.
751 2801 840 2848 6616661

137 2874 181 2905 9-
195 2870 240 2906 God.
254 2870 306 2906 Colb.
