1837 2928
48 69 69 106 O.
83 70 110 104 12.
388 67 457 102 Matth.
780 74 806 107 15

47 196 139 243 spiritum
146 207 211 233 meum
227 206 286 240 super
301 206 351 242 eum,
367 199 388 231 61
402 192 497 231 indicium
504 193 594 239 gentibus
602 192 709 232 nunciabit.
727 196 752 231 10
761 193 806 233 1161

47 253 152 291 contendet
167 263 230 296 neque
246 249 343 301 clamabit,
359 263 422 296 neque
438 247 507 289 audiet
522 249 592 296 aliquis
607 251 628 288 in
649 250 720 296 plateis
736 264 804 289 vocem

47 310 100 358 eius3
118 312 144 346 20
161 307 276 346 arundinem
292 311 403 353 quassatam
418 320 456 345 non
472 306 581 353 confringet
597 313 617 344 et
631 306 692 344 linum
707 307 805 355 fumigans

33 368 86 403 'non
101 366 209 412 extinguet,
225 364 286 401 donec
301 364 368 402 eiiciat
382 364 485 402 victoriam
501 363 525 400 ad
540 364 643 401 iudicium:
661 365 686 400 21
704 365 758 401 etin
773 377 806 401 no-

47 422 99 460 mine
115 422 157 460 eius
172 424 240 469 gentes
257 420 370 467 sperabunt.
394 424 421 457 22
443 418 637 458 Γ111611116116661
655 419 673 457 61
695 419 806 458 demonium

47 479 121 517 habens
137 491 200 517 caecus
217 485 237 515 et
251 484 325 526 mutus,
348 482 368 514 et
390 477 468 516 curavit
488 490 532 514 eum
554 478 583 515 ita
605 484 628 515 111
649 476 764 522 loqueretur
786 483 806 514 et

46 536 130 574 videret.
155 528 180 574 21
196 534 224 572 111
239 534 345 581 stupebant
360 546 426 572 omnes
442 534 506 573 turbae
521 539 542 571 61
557 534 648 573 dicebant
662 533 758 580 Nunquid
772 533 805 571 hio

47 600 78 631 661
92 593 144 632 filius
159 592 236 632 David?
253 594 279 630 24
295 591 394 630 Pharisaei
409 596 475 629 autem
490 591 592 630 audientes
608 592 701 629 dixerunt
713 591 752 630 Hic
767 603 805 629 non

47 650 101 687 elicit
117 649 206 688 demonia
221 649 260 686 nisi
275 649 295 686 in
310 647 422 686 Beelzebub
437 648 525 694 principe
542 648 682 687 demoniorum.
705 652 730 686 25
747 647 805 686 Iesus

47 713 111 744 autem
128 707 192 744 sciens
207 706 337 752 cogitaciones
353 718 421 742 eorum
436 704 487 742 dixit
501 704 530 742 eis
546 703 608 743 Omne
624 718 705 752 regnum
720 705 806 743 divisum

47 770 115 802 contra
130 777 151 801 66
167 762 293 814 desolabitur,
318 768 338 800 61
354 762 416 800 omnis
432 762 502 801 civitas
517 761 549 800 161
565 762 633 800 domus
656 762 720 800 divisa
738 767 805 800 contra

47 833 67 858 66
83 833 122 858 161
137 820 204 859 stabit.
221 823 246 857 26
262 819 291 857 Et
306 820 323 857 si
338 823 416 856 satanas
432 823 519 856 satanam
535 818 595 867 elicit,
612 819 705 857 adversus
721 831 742 856 se
758 818 805 857 divi-

47 888 80 915 sus
96 882 138 916 est:
156 875 252 922 quomodo
268 887 314 922 ergo
329 874 390 913 stabit
405 888 485 921 regnum
501 875 556 912 eius?
579 876 605 913 27
629 873 687 922 Quod
702 875 720 912 si
735 888 769 922 ego
785 874 806 912 in

46 933 157 972 Beelzebub
173 932 230 971 eiicio
246 932 342 981 demonia,
354 932 423 978 utique
437 932 473 970 filii
488 932 550 969 vestri
564 933 585 970 11
600 946 638 979 quo
647 932 741 970 eiiciunt?
756 931 805 970 ideo

45 991 84 1037 ipsi
100 991 174 1029 iudices
189 990 251 1028 166111
273 995 336 1027 erunt.
359 993 385 1027 28
410 989 806 1037 816111611161611611111111161611616

47 1046 142 1093 demonia,
158 1046 228 1092 utique
244 1045 368 1093 appropiavit
376 1045 400 1083 ad
412 1058 447 1085 ros
462 1059 543 1092 regnum
558 1045 596 1086 dei.
612 1050 638 1085 29
655 1045 698 1084 Aut
709 1045 805 1092 quomodo

45 1107 112 1150 potest
128 1104 172 1150 quis
187 1103 261 1140 intrare
276 1103 296 1140 in
312 1103 390 1141 domum
405 1103 463 1140 fortis
479 1108 500 1140 et
519 1115 566 1140 vasa
585 1103 627 1141 eius
651 1102 742 1152 diripere,
766 1103 805 1140 nisi

45 1161 100 1207 prius
117 1160 227 1208 alligaverit
241 1160 331 1198 fortem?
346 1165 367 1197 61
381 1165 428 1198 tunc
444 1160 522 1198 domum
537 1159 590 1198 illius
607 1160 693 1206 diripiet.
720 1164 745 1199 30
765 1158 805 1205 Qui

45 1230 84 1256 non
111 1223 142 1255 661
166 1229 242 1255 mecum
270 1221 338 1254 contra
360 1228 390 1254 me
414 1221 449 1265 cst,
474 1220 494 1254 et
517 1216 551 1262 qui
570 1229 647 1255 mecum
669 1229 707 1255 non
730 1216 807 1264 colligit

46 1274 146 1322 dispergit.
170 1272 197 1314 31
221 1272 249 1311 Et
267 1273 311 1312 ideo
327 1272 370 1311 dico
393 1272 450 1311 vobis
472 1286 527 1311 omne
543 1279 633 1319 pecatum
649 1278 670 1311 et
684 1273 805 1320 blasphemia

45 1332 160 1369 remittetur
173 1330 292 1376 hominibus,
308 1330 391 1376 spiritns
407 1336 471 1368 autem
486 1329 614 1377 blasphemiae
629 1343 668 1369 non
692 1331 806 1369 remittetur

45 1388 163 1427 hominibus.
188 1392 214 1425 32
234 1387 262 1425 Et
277 1389 394 1433 quicumque
411 1387 484 1425 dixerit
505 1387 586 1426 verbum
602 1393 670 1426 contra
687 1387 749 1426 filium
771 1388 805 1425 ho·

44 1445 109 1495 minis,
125 1445 238 1484 remittetur
253 1445 283 1495 ei3
300 1445 333 1490 qui
349 1449 414 1482 autem
430 1444 504 1482 dixerit
519 1450 587 1483 contra
602 1445 694 1492 spiritum
709 1450 803 1493 sanctum,

44 1515 82 1540 non
97 1503 211 1540 remittetur
226 1502 244 1539 ei
259 1514 323 1548 neque
338 1500 359 1538 in
374 1501 411 1539 1166
427 1501 499 1539 saeculo
515 1514 578 1547 neque
593 1502 614 1540 in
621 1502 696 1541 futuro.
719 1506 743 1540 33
761 1501 808 1540 Aut

44 1559 103 1597 facite
119 1559 208 1598 arborem
222 1558 292 1598 bonam
308 1564 329 1597 et
344 1558 430 1596 fructum
446 1559 488 1597 eius
503 1558 582 1609 bonum,
599 1565 633 1598 aut
648 1559 708 1597 facite
716 1561 805 1598 arborem

44 1616 114 1654 malam
123 1623 143 1654 et
150 1617 236 1654 fructum
245 1616 286 1654 cius
294 1616 377 1654 malum:
394 1616 490 1662 siquidem
499 1616 598 1654 exfructa
607 1617 665 1656 arbor
675 1617 804 1664 cognoscitur.

46 1676 72 1711 34
88 1674 195 1721 Progenies
215 1673 332 1722 viperarum,
357 1673 453 1718 quomodo
468 1673 552 1720 potestis
567 1673 618 1712 bona
632 1673 686 1719 loqui
702 1687 745 1712 cum
760 1673 805 1712 sitis

43 1730 289 1768 116111111611111161611
305 1729 435 1768 enimcordis
452 1729 582 1776 osloquitur.
607 1736 631 1769 35
656 1730 724 1769 Bonus
746 1731 805 1769 homo

44 1787 68 1825 dc
82 1787 133 1826 bono
149 1788 241 1826 thesauro
257 1787 333 1833 profert
347 1786 403 1836 bona,
421 1792 441 1824 et
454 1786 517 1830 malus
532 1787 590 1826 homo
607 1788 630 1826 de
645 1787 695 1825 malo
711 1788 805 1826 thesauro

43 1844 120 1891 profert
134 1845 191 1883 mala.
209 1848 234 1882 36
250 1843 300 1882 Dico
316 1849 382 1882 autem
396 1843 452 1882 robis
461 1844 551 1890 quoniam
562 1858 618 1883 omne
628 1844 709 1884 verbnm
718 1845 805 1883 ociosum

45 1901 97 1948 qnod
118 1901 179 1940 locuti
198 1901 274 1939 fuerint
297 1901 393 1952 homines,
415 1900 499 1939 reddent
521 1902 620 1940 racionem
641 1901 664 1939 de
688 1915 710 1940 eo
731 1902 753 1940 in
773 1902 805 1940 die

43 1958 118 1997 iudicii.
150 1959 176 1997 37
199 1958 341 2005 Unusquisque
367 1958 418 1996 enim
441 1958 506 1998 verbis
533 1959 574 1997 suis
604 1958 744 1998 iustificabitur
771 1965 806 1998 aut

43 2015 108 2054 verbis
124 2016 165 2054 suis
181 2015 348 2054 condemnabitur.
370 2019 395 2054 38
412 2015 468 2054 Tunc
483 2016 627 2062 responderunt
642 2016 660 2054 61
676 2016 755 2063 qnidam
778 2016 802 2054 de

43 2072 112 2111 scribis
136 2078 156 2111 et
175 2072 283 2111 Pharisaeis
307 2073 394 2111 dicentes
417 2072 520 2123 atagtster,
540 2073 630 2112 volumus
653 2086 669 2111 a·
685 2079 705 2112 te
728 2074 805 2121 signum

42 2129 115 2170 videre.
134 2135 159 2168 39
175 2128 232 2168 Iesus
248 2135 314 2168 autem
333 2129 452 2176 respondens
475 2130 503 2168 ait
525 2130 564 2168 illis
581 2129 689 2170 Generaeio
711 2130 763 2169 mala
785 2136 805 2169 et

43 2186 132 2224 adultera
148 2188 224 2234 signum
240 2188 319 2238 quaerit,
340 2192 360 2225 61
375 2187 452 2234 signum
467 2200 505 2225 non
529 2187 608 2226 dabitur
631 2188 649 2226 ci
668 2188 706 2226 nisi
728 2189 804 2235 signum

42 2243 98 2282 Ionae
113 2244 223 2291 prophetae.
247 2246 273 2282 40
290 2243 347 2282 Sicut
362 2244 413 2282 enim
428 2244 469 2282 fuit
483 2243 541 2282 Ionas
557 2245 578 2283 in
593 2250 663 2284 ventre
680 2246 725 2283 caeti
741 2245 804 2284 tribus

43 2301 112 2340 diebus
128 2307 149 2339 et
164 2300 227 2340 tribus
243 2300 341 2350 noctibus,
365 2301 393 2339 sic
409 2302 447 2339 erit
461 2301 513 2339 filius
528 2302 613 2341 hominis
636 2302 656 2340 in
672 2302 729 2340 corde
745 2308 806 2341 terrae

43 2358 106 2397 tribus
123 2358 191 2397 diebus
207 2364 228 2396 et
242 2357 305 2397 tribus
328 2358 426 2397 noctibus.
453 2361 478 2396 41
503 2358 549 2397 Viri
564 2359 661 2399 Ninivitae
684 2367 765 2407 surgent
784 2360 805 2398 in

42 2416 137 2454 iudicium
152 2429 196 2455 cum
210 2416 335 2463 generatione
350 2415 390 2453 ista
405 2420 424 2454 et
441 2415 597 2455 condemnabunt
612 2430 660 2463 eam,
684 2417 730 2462 quia
745 2419 805 2464 peni-

42 2474 126 2511 tenciam
142 2479 223 2521 egerunt
238 2474 258 2511 11
273 2473 434 2520 praedicacionem
449 2473 511 2523 16166,
535 2479 555 2512 61
573 2487 617 2513 6666
632 2473 676 2521 plus
691 2474 724 2512 hic
746 2487 804 2521 quam

42 2529 97 2569 Iona.
114 2533 140 2568 42
156 2531 232 2578 Regina
248 2531 310 2569 austri
325 2536 392 2577 surget
407 2531 428 2569 in
440 2531 535 2569 iudicium
546 2544 589 2569 cum
600 2531 727 2579 generacione
737 2532 776 2570 ista
785 2539 805 2570 et

43 2587 180 2626 condemnabit
195 2600 243 2637 eam,
268 2588 316 2634 quia
330 2588 385 2625 venit
400 2601 411 2625 a
426 2587 497 2627 finibus
513 2593 572 2627 terrac
595 2589 662 2627 audire
685 2589 804 2640 sapienciam

43 2642 160 2695 Salomonis⁷
176 2650 196 2683 et
212 2659 256 2683 ecce
273 2645 317 2692 plus
332 2645 365 2682 hic
381 2658 439 2690 quam
455 2644 552 2684 Salomon.
574 2648 599 2684 43
624 2643 673 2685 01111
689 2652 754 2685 autem
770 2647 805 2685 im-

42 2702 126 2740 mundus
141 2703 223 2748 spiritus
239 2703 310 2741 exierit
326 2701 349 2741 ab
364 2703 449 2751 homine,
473 2702 560 2741 ambulat
574 2716 609 2749 per
624 2703 666 2741 loca
682 2703 737 2741 arida
753 2712 805 2750 quae-

42 2771 88 2797 rens
104 2759 192 2805 requiem
208 2765 228 2797 et
243 2773 280 2799 non
296 2759 380 2798 invenit:
408 2762 433 2797 44
450 2765 497 2798 tunc
513 2759 561 2798 dicit
576 2760 674 2800 Revertar
689 2760 710 2798 in
726 2761 803 2801 domum
