<?xml version="1.0" encoding="UTF-8"?>
<!DOCTYPE html PUBLIC "-//W3C//DTD XHTML 1.0 Transitional//EN"
    "http://www.w3.org/TR/xhtml1/DTD/xhtml1-transitional.dtd">
<html xmlns="http://www.w3.org/1999/xhtml" xml:lang="en" lang="en">
 <head>
  <title>
</title>
<meta http-equiv="Content-Type" content="text/html;charset=utf-8" />
  <meta name='ocr-system' content='tesseract 3.04.00' />
  <meta name='ocr-capabilities' content='ocr_page ocr_carea ocr_par ocr_line ocrx_word'/>
</head>
<body>
  <div class='ocr_page' id='page_1' title='image "MN41417ucmf_6_0152.png"; bbox 0 0 1869 2914; ppageno 0'>
   <div class='ocr_carea' id='block_1_1' title="bbox 123 69 882 118">
    <p class='ocr_par' dir='ltr' id='par_1_1' title="bbox 123 69 882 118">
     <span class='ocr_line' id='line_1_1' title="bbox 123 69 882 118; baseline -0.008 -7"><span class='ocrx_word' id='word_1_1' title='bbox 123 76 162 111; x_wconf 78' lang='lat'>130</span> <span class='ocrx_word' id='word_1_2' title='bbox 480 70 515 107; x_wconf 76' lang='lat' dir='ltr'>Er.</span> <span class='ocrx_word' id='word_1_3' title='bbox 524 82 565 118; x_wconf 75' lang='lat' dir='ltr'>see.</span> <span class='ocrx_word' id='word_1_4' title='bbox 781 69 803 105; x_wconf 81' lang='lat' dir='ltr'>G.</span> <span class='ocrx_word' id='word_1_5' title='bbox 819 72 841 105; x_wconf 80' lang='lat'>14</span> <span class='ocrx_word' id='word_1_6' title='bbox 854 73 882 105; x_wconf 79' lang='lat'>15.</span> 
     </span>
    </p>
   </div>
   <div class='ocr_carea' id='block_1_2' title="bbox 113 196 886 2798">
    <p class='ocr_par' dir='ltr' id='par_1_2' title="bbox 115 196 886 2110">
     <span class='ocr_line' id='line_1_2' title="bbox 121 196 883 249; baseline 0 -13"><span class='ocrx_word' id='word_1_7' title='bbox 121 197 184 236; x_wconf 84' lang='lat' dir='ltr'>eredit</span> <span class='ocrx_word' id='word_1_8' title='bbox 198 198 219 236; x_wconf 90' lang='lat' dir='ltr'>in</span> <span class='ocrx_word' id='word_1_9' title='bbox 233 212 271 249; x_wconf 83' lang='lat' dir='ltr'>me,</span> <span class='ocrx_word' id='word_1_10' title='bbox 287 211 347 245; x_wconf 79' lang='grc'>111111</span> <span class='ocrx_word' id='word_1_11' title='bbox 362 211 405 245; x_wconf 84' lang='lat' dir='ltr'>quae</span> <span class='ocrx_word' id='word_1_12' title='bbox 421 211 455 246; x_wconf 86' lang='lat' dir='ltr'>ego</span> <span class='ocrx_word' id='word_1_13' title='bbox 471 198 522 237; x_wconf 79' lang='lat' dir='ltr'>facio</span> <span class='ocrx_word' id='word_1_14' title='bbox 538 196 617 246; x_wconf 83' lang='lat' dir='ltr'>etipse</span> <span class='ocrx_word' id='word_1_15' title='bbox 632 199 698 248; x_wconf 67' lang='lat' dir='ltr'>faciet,</span> <span class='ocrx_word' id='word_1_16' title='bbox 715 203 735 236; x_wconf 88' lang='lat' dir='ltr'>et</span> <span class='ocrx_word' id='word_1_17' title='bbox 753 198 827 236; x_wconf 78' lang='lat' dir='ltr'>maiora</span> <span class='ocrx_word' id='word_1_18' title='bbox 849 198 883 237; x_wconf 88' lang='lat' dir='ltr'>ho-</span> 
     </span>
     <span class='ocr_line' id='line_1_3' title="bbox 120 254 882 306; baseline 0.003 -14"><span class='ocrx_word' id='word_1_19' title='bbox 120 268 164 293; x_wconf 89' lang='lat' dir='ltr'>rum</span> <span class='ocrx_word' id='word_1_20' title='bbox 178 254 245 302; x_wconf 75' lang='lat' dir='ltr'>faciet,</span> <span class='ocrx_word' id='word_1_21' title='bbox 262 255 308 302; x_wconf 82' lang='lat' dir='ltr'>quia</span> <span class='ocrx_word' id='word_1_22' title='bbox 322 268 357 303; x_wconf 89' lang='lat' dir='ltr'>ego</span> <span class='ocrx_word' id='word_1_23' title='bbox 373 255 398 294; x_wconf 79' lang='lat' dir='ltr'>ad</span> <span class='ocrx_word' id='word_1_24' title='bbox 413 260 489 303; x_wconf 81' lang='lat' dir='ltr'>patrem</span> <span class='ocrx_word' id='word_1_25' title='bbox 504 255 562 306; x_wconf 65' lang='lat' dir='ltr'>rado,</span> <span class='ocrx_word' id='word_1_26' title='bbox 593 260 618 294; x_wconf 81' lang='lat'>13</span> <span class='ocrx_word' id='word_1_27' title='bbox 635 262 655 294; x_wconf 87' lang='lat' dir='ltr'>et</span> <span class='ocrx_word' id='word_1_28' title='bbox 673 255 801 303; x_wconf 85' lang='lat' dir='ltr'>quodeunque</span> <span class='ocrx_word' id='word_1_29' title='bbox 817 255 882 294; x_wconf 83' lang='lat' dir='ltr'>abillo</span> 
     </span>
     <span class='ocr_line' id='line_1_4' title="bbox 119 311 880 360; baseline 0.001 -10"><span class='ocrx_word' id='word_1_30' title='bbox 119 312 219 360; x_wconf 78' lang='lat' dir='ltr'>petieritis</span> <span class='ocrx_word' id='word_1_31' title='bbox 234 313 255 351; x_wconf 87' lang='lat' dir='ltr'>in</span> <span class='ocrx_word' id='word_1_32' title='bbox 269 313 346 351; x_wconf 88' lang='lat' dir='ltr'>nomine</span> <span class='ocrx_word' id='word_1_33' title='bbox 361 325 411 356; x_wconf 78' lang='lat' dir='ltr'>meo,</span> <span class='ocrx_word' id='word_1_34' title='bbox 427 325 462 360; x_wconf 83' lang='lat' dir='ltr'>ego</span> <span class='ocrx_word' id='word_1_35' title='bbox 477 313 548 351; x_wconf 77' lang='lat' dir='ltr'>faeiem</span> <span class='ocrx_word' id='word_1_36' title='bbox 563 318 587 351; x_wconf 87' lang='lat' dir='ltr'>ut</span> <span class='ocrx_word' id='word_1_37' title='bbox 602 313 785 359; x_wconf 76' lang='lat' dir='ltr'>clarificeturpater</span> <span class='ocrx_word' id='word_1_38' title='bbox 799 312 820 350; x_wconf 90' lang='lat' dir='ltr'>in</span> <span class='ocrx_word' id='word_1_39' title='bbox 834 311 880 351; x_wconf 84' lang='lat' dir='ltr'>filio.</span> 
     </span>
     <span class='ocr_line' id='line_1_5' title="bbox 122 368 883 420; baseline 0.001 -13"><span class='ocrx_word' id='word_1_40' title='bbox 122 372 147 407; x_wconf 80' lang='lat'>14</span> <span class='ocrx_word' id='word_1_41' title='bbox 164 368 187 408; x_wconf 81' lang='lat' dir='ltr'>Si</span> <span class='ocrx_word' id='word_1_42' title='bbox 202 370 250 416; x_wconf 82' lang='lat' dir='ltr'>quid</span> <span class='ocrx_word' id='word_1_43' title='bbox 265 369 363 417; x_wconf 81' lang='lat' dir='ltr'>petieritis</span> <span class='ocrx_word' id='word_1_44' title='bbox 379 383 409 408; x_wconf 90' lang='lat' dir='ltr'>me</span> <span class='ocrx_word' id='word_1_45' title='bbox 425 370 446 407; x_wconf 94' lang='lat' dir='ltr'>in</span> <span class='ocrx_word' id='word_1_46' title='bbox 460 370 540 409; x_wconf 85' lang='lat' dir='ltr'>nomine</span> <span class='ocrx_word' id='word_1_47' title='bbox 554 383 605 420; x_wconf 82' lang='lat' dir='ltr'>meo,</span> <span class='ocrx_word' id='word_1_48' title='bbox 620 370 657 408; x_wconf 89' lang='lat' dir='ltr'>hoo</span> <span class='ocrx_word' id='word_1_49' title='bbox 672 370 749 408; x_wconf 78' lang='lat' dir='ltr'>faniam.</span> <span class='ocrx_word' id='word_1_50' title='bbox 775 373 799 407; x_wconf 84' lang='grc'>15</span> <span class='ocrx_word' id='word_1_51' title='bbox 817 368 839 408; x_wconf 84' lang='lat' dir='ltr'>Si</span> <span class='ocrx_word' id='word_1_52' title='bbox 855 370 883 408; x_wconf 89' lang='lat' dir='ltr'>di-</span> 
     </span>
     <span class='ocr_line' id='line_1_6' title="bbox 119 425 882 478; baseline 0 -14"><span class='ocrx_word' id='word_1_53' title='bbox 119 425 182 473; x_wconf 85' lang='lat' dir='ltr'>ligitis</span> <span class='ocrx_word' id='word_1_54' title='bbox 197 440 235 476; x_wconf 75' lang='lat' dir='ltr'>me,</span> <span class='ocrx_word' id='word_1_55' title='bbox 251 432 352 474; x_wconf 82' lang='lat' dir='ltr'>praeoopta</span> <span class='ocrx_word' id='word_1_56' title='bbox 366 439 410 465; x_wconf 82' lang='lat' dir='ltr'>men</span> <span class='ocrx_word' id='word_1_57' title='bbox 425 426 529 466; x_wconf 83' lang='lat' dir='ltr'>custodite.</span> <span class='ocrx_word' id='word_1_58' title='bbox 548 431 573 466; x_wconf 84' lang='grc'>16</span> <span class='ocrx_word' id='word_1_59' title='bbox 589 427 618 465; x_wconf 81' lang='lat' dir='ltr'>Et</span> <span class='ocrx_word' id='word_1_60' title='bbox 633 440 667 474; x_wconf 90' lang='lat' dir='ltr'>ego</span> <span class='ocrx_word' id='word_1_61' title='bbox 683 425 754 474; x_wconf 86' lang='lat' dir='ltr'>rogabo</span> <span class='ocrx_word' id='word_1_62' title='bbox 763 432 846 478; x_wconf 76' lang='lat' dir='ltr'>patrem,</span> <span class='ocrx_word' id='word_1_63' title='bbox 862 433 882 465; x_wconf 88' lang='lat' dir='ltr'>et</span> 
     </span>
     <span class='ocr_line' id='line_1_7' title="bbox 120 482 881 534; baseline 0 -13"><span class='ocrx_word' id='word_1_64' title='bbox 120 483 180 521; x_wconf 80' lang='lat' dir='ltr'>alium</span> <span class='ocrx_word' id='word_1_65' title='bbox 196 483 312 522; x_wconf 81' lang='lat' dir='ltr'>advocatum</span> <span class='ocrx_word' id='word_1_66' title='bbox 327 482 382 522; x_wconf 82' lang='lat' dir='ltr'>dabit</span> <span class='ocrx_word' id='word_1_67' title='bbox 396 484 460 534; x_wconf 71' lang='lat' dir='ltr'>robis⁷</span> <span class='ocrx_word' id='word_1_68' title='bbox 474 490 498 522; x_wconf 87' lang='lat' dir='ltr'>ut</span> <span class='ocrx_word' id='word_1_69' title='bbox 512 485 613 524; x_wconf 84' lang='lat' dir='ltr'>vobisoum</span> <span class='ocrx_word' id='word_1_70' title='bbox 637 485 664 522; x_wconf 84' lang='lat' dir='ltr'>eit</span> <span class='ocrx_word' id='word_1_71' title='bbox 686 484 707 522; x_wconf 90' lang='lat' dir='ltr'>in</span> <span class='ocrx_word' id='word_1_72' title='bbox 727 489 830 534; x_wconf 67' lang='lat' dir='ltr'>aeternum</span> <span class='ocrx_word' id='word_1_73' title='bbox 855 485 881 522; x_wconf 77' lang='grc'>11</span> 
     </span>
     <span class='ocr_line' id='line_1_8' title="bbox 120 540 881 591; baseline 0.001 -13"><span class='ocrx_word' id='word_1_74' title='bbox 120 541 212 586; x_wconf 78' lang='lat' dir='ltr'>spiritum</span> <span class='ocrx_word' id='word_1_75' title='bbox 227 540 324 589; x_wconf 79' lang='lat' dir='ltr'>veritatis,</span> <span class='ocrx_word' id='word_1_76' title='bbox 348 551 406 588; x_wconf 77' lang='lat' dir='ltr'>quem</span> <span class='ocrx_word' id='word_1_77' title='bbox 428 540 460 579; x_wconf 87' lang='lat' dir='ltr'>hio</span> <span class='ocrx_word' id='word_1_78' title='bbox 475 542 559 580; x_wconf 87' lang='lat' dir='ltr'>mundus</span> <span class='ocrx_word' id='word_1_79' title='bbox 576 555 614 580; x_wconf 92' lang='lat' dir='ltr'>non</span> <span class='ocrx_word' id='word_1_80' title='bbox 635 547 702 588; x_wconf 84' lang='lat' dir='ltr'>potest</span> <span class='ocrx_word' id='word_1_81' title='bbox 716 541 811 591; x_wconf 76' lang='lat' dir='ltr'>accipere,</span> <span class='ocrx_word' id='word_1_82' title='bbox 835 541 881 587; x_wconf 80' lang='lat' dir='ltr'>quin</span> 
     </span>
     <span class='ocr_line' id='line_1_9' title="bbox 119 597 881 645; baseline 0.003 -12"><span class='ocrx_word' id='word_1_83' title='bbox 119 609 158 635; x_wconf 85' lang='lat' dir='ltr'>uon</span> <span class='ocrx_word' id='word_1_84' title='bbox 173 597 229 636; x_wconf 86' lang='lat' dir='ltr'>videt</span> <span class='ocrx_word' id='word_1_85' title='bbox 244 610 287 636; x_wconf 89' lang='lat' dir='ltr'>enm</span> <span class='ocrx_word' id='word_1_86' title='bbox 303 610 339 635; x_wconf 85' lang='lat' dir='ltr'>neo</span> <span class='ocrx_word' id='word_1_87' title='bbox 354 597 454 644; x_wconf 82' lang='lat' dir='ltr'>eognosoit</span> <span class='ocrx_word' id='word_1_88' title='bbox 469 610 524 639; x_wconf 83' lang='lat' dir='ltr'>eum:</span> <span class='ocrx_word' id='word_1_89' title='bbox 549 611 583 637; x_wconf 83' lang='lat' dir='ltr'>vos</span> <span class='ocrx_word' id='word_1_90' title='bbox 599 603 665 637; x_wconf 84' lang='lat' dir='ltr'>autem</span> <span class='ocrx_word' id='word_1_91' title='bbox 680 598 742 636; x_wconf 83' lang='lat' dir='ltr'>nostis</span> <span class='ocrx_word' id='word_1_92' title='bbox 757 597 819 644; x_wconf 79' lang='lat' dir='ltr'>illum,</span> <span class='ocrx_word' id='word_1_93' title='bbox 835 598 881 645; x_wconf 81' lang='lat' dir='ltr'>quia</span> 
     </span>
     <span class='ocr_line' id='line_1_10' title="bbox 118 653 880 704; baseline 0.001 -12"><span class='ocrx_word' id='word_1_94' title='bbox 118 653 211 693; x_wconf 78' lang='lat' dir='ltr'>vobicum</span> <span class='ocrx_word' id='word_1_95' title='bbox 225 658 292 692; x_wconf 82' lang='lat' dir='ltr'>manet·</span> <span class='ocrx_word' id='word_1_96' title='bbox 307 660 327 693; x_wconf 88' lang='lat' dir='ltr'>et</span> <span class='ocrx_word' id='word_1_97' title='bbox 341 653 443 693; x_wconf 80' lang='lat' dir='ltr'>vobiscum</span> <span class='ocrx_word' id='word_1_98' title='bbox 458 660 494 693; x_wconf 86' lang='lat' dir='ltr'>est.</span> <span class='ocrx_word' id='word_1_99' title='bbox 513 659 538 694; x_wconf 80' lang='grc'>18</span> <span class='ocrx_word' id='word_1_100' title='bbox 554 654 599 694; x_wconf 91' lang='lat' dir='ltr'>Non</span> <span class='ocrx_word' id='word_1_101' title='bbox 614 654 723 702; x_wconf 82' lang='lat' dir='ltr'>relinquam</span> <span class='ocrx_word' id='word_1_102' title='bbox 731 667 765 694; x_wconf 91' lang='lat' dir='ltr'>vos</span> <span class='ocrx_word' id='word_1_103' title='bbox 776 655 880 704; x_wconf 82' lang='lat' dir='ltr'>orphanos,</span> 
     </span>
     <span class='ocr_line' id='line_1_11' title="bbox 119 711 880 751; baseline 0.003 -3"><span class='ocrx_word' id='word_1_104' title='bbox 119 712 177 749; x_wconf 82' lang='lat' dir='ltr'>venio</span> <span class='ocrx_word' id='word_1_105' title='bbox 192 711 217 749; x_wconf 87' lang='lat' dir='ltr'>ad</span> <span class='ocrx_word' id='word_1_106' title='bbox 232 724 273 751; x_wconf 86' lang='lat' dir='ltr'>vos.</span> <span class='ocrx_word' id='word_1_107' title='bbox 306 716 330 749; x_wconf 81' lang='grc'>19</span> <span class='ocrx_word' id='word_1_108' title='bbox 356 711 429 750; x_wconf 79' lang='lat' dir='ltr'>Adhuc</span> <span class='ocrx_word' id='word_1_109' title='bbox 442 712 540 751; x_wconf 89' lang='lat' dir='ltr'>modioum</span> <span class='ocrx_word' id='word_1_110' title='bbox 555 720 576 751; x_wconf 89' lang='lat' dir='ltr'>et</span> <span class='ocrx_word' id='word_1_111' title='bbox 590 712 623 751; x_wconf 88' lang='lat' dir='ltr'>hio</span> <span class='ocrx_word' id='word_1_112' title='bbox 638 712 722 751; x_wconf 91' lang='lat' dir='ltr'>mundus</span> <span class='ocrx_word' id='word_1_113' title='bbox 737 724 768 750; x_wconf 88' lang='lat' dir='ltr'>me</span> <span class='ocrx_word' id='word_1_114' title='bbox 783 712 821 750; x_wconf 82' lang='lat' dir='ltr'>iam</span> <span class='ocrx_word' id='word_1_115' title='bbox 842 725 880 750; x_wconf 90' lang='lat' dir='ltr'>non</span> 
     </span>
     <span class='ocr_line' id='line_1_12' title="bbox 120 767 878 822; baseline 0.003 -16"><span class='ocrx_word' id='word_1_116' title='bbox 120 767 184 808; x_wconf 76' lang='lat' dir='ltr'>uidet:</span> <span class='ocrx_word' id='word_1_117' title='bbox 210 782 245 822; x_wconf 84' lang='lat' dir='ltr'>vos</span> <span class='ocrx_word' id='word_1_118' title='bbox 261 773 327 807; x_wconf 80' lang='lat' dir='ltr'>autem</span> <span class='ocrx_word' id='word_1_119' title='bbox 342 768 435 808; x_wconf 84' lang='lat' dir='ltr'>videbitis</span> <span class='ocrx_word' id='word_1_120' title='bbox 450 782 487 816; x_wconf 89' lang='lat' dir='ltr'>me,</span> <span class='ocrx_word' id='word_1_121' title='bbox 511 771 557 817; x_wconf 86' lang='lat' dir='ltr'>quia</span> <span class='ocrx_word' id='word_1_122' title='bbox 580 783 614 817; x_wconf 82' lang='lat' dir='ltr'>ego</span> <span class='ocrx_word' id='word_1_123' title='bbox 634 770 679 808; x_wconf 85' lang='lat' dir='ltr'>vivo</span> <span class='ocrx_word' id='word_1_124' title='bbox 702 774 723 807; x_wconf 88' lang='lat' dir='ltr'>et</span> <span class='ocrx_word' id='word_1_125' title='bbox 744 781 780 809; x_wconf 77' lang='lat' dir='ltr'>vos,</span> <span class='ocrx_word' id='word_1_126' title='bbox 801 769 878 808; x_wconf 80' lang='lat' dir='ltr'>viretis.</span> 
     </span>
     <span class='ocr_line' id='line_1_13' title="bbox 121 825 880 874; baseline -0.001 -10"><span class='ocrx_word' id='word_1_127' title='bbox 121 828 147 864; x_wconf 74' lang='lat'>20</span> <span class='ocrx_word' id='word_1_128' title='bbox 163 825 189 864; x_wconf 86' lang='lat' dir='ltr'>In</span> <span class='ocrx_word' id='word_1_129' title='bbox 204 825 237 864; x_wconf 82' lang='lat' dir='ltr'>illa</span> <span class='ocrx_word' id='word_1_130' title='bbox 260 826 291 864; x_wconf 90' lang='lat' dir='ltr'>die</span> <span class='ocrx_word' id='word_1_131' title='bbox 306 826 428 873; x_wconf 81' lang='lat' dir='ltr'>eognosoetis</span> <span class='ocrx_word' id='word_1_132' title='bbox 443 839 478 864; x_wconf 92' lang='lat' dir='ltr'>vos</span> <span class='ocrx_word' id='word_1_133' title='bbox 499 828 545 873; x_wconf 80' lang='lat' dir='ltr'>quio</span> <span class='ocrx_word' id='word_1_134' title='bbox 560 840 594 874; x_wconf 89' lang='lat' dir='ltr'>ego</span> <span class='ocrx_word' id='word_1_135' title='bbox 610 827 630 865; x_wconf 91' lang='lat' dir='ltr'>in</span> <span class='ocrx_word' id='word_1_136' title='bbox 645 832 701 873; x_wconf 82' lang='lat' dir='ltr'>patre</span> <span class='ocrx_word' id='word_1_137' title='bbox 716 838 759 865; x_wconf 87' lang='lat' dir='ltr'>meo</span> <span class='ocrx_word' id='word_1_138' title='bbox 775 831 795 864; x_wconf 89' lang='lat' dir='ltr'>et</span> <span class='ocrx_word' id='word_1_139' title='bbox 810 838 844 864; x_wconf 86' lang='lat' dir='ltr'>ros</span> <span class='ocrx_word' id='word_1_140' title='bbox 860 826 880 863; x_wconf 88' lang='lat' dir='ltr'>iu</span> 
     </span>
     <span class='ocr_line' id='line_1_14' title="bbox 120 880 879 931; baseline -0.001 -11"><span class='ocrx_word' id='word_1_141' title='bbox 120 895 150 920; x_wconf 88' lang='lat' dir='ltr'>me</span> <span class='ocrx_word' id='word_1_142' title='bbox 167 889 187 921; x_wconf 88' lang='lat' dir='ltr'>et</span> <span class='ocrx_word' id='word_1_143' title='bbox 202 895 236 930; x_wconf 88' lang='lat' dir='ltr'>ego</span> <span class='ocrx_word' id='word_1_144' title='bbox 252 884 272 920; x_wconf 90' lang='lat' dir='ltr'>in</span> <span class='ocrx_word' id='word_1_145' title='bbox 288 883 349 921; x_wconf 83' lang='lat' dir='ltr'>vobis.</span> <span class='ocrx_word' id='word_1_146' title='bbox 381 887 406 920; x_wconf 87' lang='lat'>21</span> <span class='ocrx_word' id='word_1_147' title='bbox 431 880 471 927; x_wconf 82' lang='lat' dir='ltr'>Qui</span> <span class='ocrx_word' id='word_1_148' title='bbox 491 884 547 922; x_wconf 83' lang='lat' dir='ltr'>audit</span> <span class='ocrx_word' id='word_1_149' title='bbox 561 889 661 931; x_wconf 75' lang='lat' dir='ltr'>praecepta</span> <span class='ocrx_word' id='word_1_150' title='bbox 676 896 718 921; x_wconf 85' lang='lat' dir='ltr'>mea</span> <span class='ocrx_word' id='word_1_151' title='bbox 733 889 754 921; x_wconf 87' lang='lat' dir='ltr'>et</span> <span class='ocrx_word' id='word_1_152' title='bbox 769 887 835 920; x_wconf 83' lang='lat' dir='ltr'>serrat</span> <span class='ocrx_word' id='word_1_153' title='bbox 850 895 879 926; x_wconf 79' lang='lat' dir='ltr'>ea,</span> 
     </span>
     <span class='ocr_line' id='line_1_15' title="bbox 119 939 879 988; baseline 0 -12"><span class='ocrx_word' id='word_1_154' title='bbox 119 939 153 977; x_wconf 89' lang='lat' dir='ltr'>ille</span> <span class='ocrx_word' id='word_1_155' title='bbox 169 939 249 985; x_wconf 85' lang='lat' dir='ltr'>estqui</span> <span class='ocrx_word' id='word_1_156' title='bbox 265 939 329 985; x_wconf 78' lang='lat' dir='ltr'>diligit</span> <span class='ocrx_word' id='word_1_157' title='bbox 343 951 386 978; x_wconf 91' lang='lat' dir='ltr'>me:</span> <span class='ocrx_word' id='word_1_158' title='bbox 409 940 443 987; x_wconf 82' lang='lat' dir='ltr'>qui</span> <span class='ocrx_word' id='word_1_159' title='bbox 459 946 524 978; x_wconf 86' lang='lat' dir='ltr'>antem</span> <span class='ocrx_word' id='word_1_160' title='bbox 540 939 605 987; x_wconf 75' lang='lat' dir='ltr'>diligit</span> <span class='ocrx_word' id='word_1_161' title='bbox 619 953 656 988; x_wconf 78' lang='lat' dir='ltr'>me,</span> <span class='ocrx_word' id='word_1_162' title='bbox 679 939 772 987; x_wconf 76' lang='lat' dir='ltr'>diligetur</span> <span class='ocrx_word' id='word_1_163' title='bbox 792 952 804 977; x_wconf 81' lang='grc'>1</span> <span class='ocrx_word' id='word_1_164' title='bbox 822 946 879 986; x_wconf 77' lang='lat' dir='ltr'>patre</span> 
     </span>
     <span class='ocr_line' id='line_1_16' title="bbox 119 995 879 1045; baseline -0.001 -11"><span class='ocrx_word' id='word_1_165' title='bbox 119 1008 168 1045; x_wconf 84' lang='lat' dir='ltr'>meo,</span> <span class='ocrx_word' id='word_1_166' title='bbox 184 1002 205 1034; x_wconf 88' lang='lat' dir='ltr'>et</span> <span class='ocrx_word' id='word_1_167' title='bbox 220 1008 254 1043; x_wconf 90' lang='lat' dir='ltr'>ego</span> <span class='ocrx_word' id='word_1_168' title='bbox 271 995 350 1043; x_wconf 78' lang='lat' dir='ltr'>diligam</span> <span class='ocrx_word' id='word_1_169' title='bbox 366 1007 410 1034; x_wconf 85' lang='lat' dir='ltr'>eum</span> <span class='ocrx_word' id='word_1_170' title='bbox 425 1002 446 1034; x_wconf 90' lang='lat' dir='ltr'>et</span> <span class='ocrx_word' id='word_1_171' title='bbox 460 996 589 1035; x_wconf 75' lang='lat' dir='ltr'>manifestabo</span> <span class='ocrx_word' id='word_1_172' title='bbox 605 997 624 1035; x_wconf 91' lang='lat' dir='ltr'>ei</span> <span class='ocrx_word' id='word_1_173' title='bbox 638 1009 669 1034; x_wconf 91' lang='lat' dir='ltr'>me</span> <span class='ocrx_word' id='word_1_174' title='bbox 684 996 754 1043; x_wconf 85' lang='lat' dir='ltr'>ipsum.</span> <span class='ocrx_word' id='word_1_175' title='bbox 786 1000 812 1034; x_wconf 84' lang='grc'>22</span> <span class='ocrx_word' id='word_1_176' title='bbox 843 996 879 1034; x_wconf 86' lang='lat' dir='ltr'>Ait</span> 
     </span>
     <span class='ocr_line' id='line_1_17' title="bbox 118 1050 879 1101; baseline 0 -11"><span class='ocrx_word' id='word_1_177' title='bbox 118 1052 148 1090; x_wconf 94' lang='lat' dir='ltr'>illi</span> <span class='ocrx_word' id='word_1_178' title='bbox 163 1051 231 1101; x_wconf 68' lang='lat' dir='ltr'>Iudas,</span> <span class='ocrx_word' id='word_1_179' title='bbox 246 1065 285 1091; x_wconf 88' lang='lat' dir='ltr'>non</span> <span class='ocrx_word' id='word_1_180' title='bbox 300 1052 333 1091; x_wconf 89' lang='lat' dir='ltr'>ille</span> <span class='ocrx_word' id='word_1_181' title='bbox 349 1050 454 1091; x_wconf 78' lang='lat' dir='ltr'>Scariotha</span> <span class='ocrx_word' id='word_1_182' title='bbox 469 1053 504 1091; x_wconf 87' lang='lat' dir='ltr'>sed</span> <span class='ocrx_word' id='word_1_183' title='bbox 520 1053 569 1092; x_wconf 85' lang='lat' dir='ltr'>alius</span> <span class='ocrx_word' id='word_1_184' title='bbox 585 1053 669 1092; x_wconf 86' lang='lat' dir='ltr'>Domine</span> <span class='ocrx_word' id='word_1_185' title='bbox 685 1053 733 1100; x_wconf 83' lang='lat' dir='ltr'>qnid</span> <span class='ocrx_word' id='word_1_186' title='bbox 754 1053 829 1091; x_wconf 75' lang='lat' dir='ltr'>fastum</span> <span class='ocrx_word' id='word_1_187' title='bbox 849 1061 879 1091; x_wconf 85' lang='lat' dir='ltr'>est</span> 
     </span>
     <span class='ocr_line' id='line_1_18' title="bbox 119 1109 878 1157; baseline 0 -10"><span class='ocrx_word' id='word_1_188' title='bbox 119 1109 165 1155; x_wconf 84' lang='lat' dir='ltr'>qnia</span> <span class='ocrx_word' id='word_1_189' title='bbox 180 1109 236 1147; x_wconf 86' lang='lat' dir='ltr'>nobis</span> <span class='ocrx_word' id='word_1_190' title='bbox 252 1109 322 1156; x_wconf 80' lang='lat' dir='ltr'>inoipis</span> <span class='ocrx_word' id='word_1_191' title='bbox 345 1109 471 1148; x_wconf 79' lang='lat' dir='ltr'>manifestare-</span> <span class='ocrx_word' id='word_1_192' title='bbox 494 1117 514 1148; x_wconf 87' lang='lat' dir='ltr'>te</span> <span class='ocrx_word' id='word_1_193' title='bbox 536 1111 601 1157; x_wconf 84' lang='grc'>11151111</span> <span class='ocrx_word' id='word_1_194' title='bbox 623 1117 643 1149; x_wconf 83' lang='grc'>51</span> <span class='ocrx_word' id='word_1_195' title='bbox 665 1123 703 1148; x_wconf 94' lang='lat' dir='ltr'>non</span> <span class='ocrx_word' id='word_1_196' title='bbox 725 1109 772 1148; x_wconf 84' lang='grc'>11111</span> <span class='ocrx_word' id='word_1_197' title='bbox 791 1109 878 1148; x_wconf 74' lang='lat' dir='ltr'>mundo?</span> 
     </span>
     <span class='ocr_line' id='line_1_19' title="bbox 119 1165 878 1215; baseline 0.001 -12"><span class='ocrx_word' id='word_1_198' title='bbox 119 1170 145 1203; x_wconf 80' lang='lat'>23</span> <span class='ocrx_word' id='word_1_199' title='bbox 162 1165 273 1213; x_wconf 77' lang='lat' dir='ltr'>Respondit</span> <span class='ocrx_word' id='word_1_200' title='bbox 287 1165 344 1204; x_wconf 87' lang='lat' dir='ltr'>Iesus</span> <span class='ocrx_word' id='word_1_201' title='bbox 367 1171 388 1204; x_wconf 90' lang='lat' dir='ltr'>et</span> <span class='ocrx_word' id='word_1_202' title='bbox 403 1166 453 1204; x_wconf 86' lang='lat' dir='ltr'>dieit</span> <span class='ocrx_word' id='word_1_203' title='bbox 474 1167 492 1205; x_wconf 89' lang='lat' dir='ltr'>ei</span> <span class='ocrx_word' id='word_1_204' title='bbox 513 1166 535 1205; x_wconf 76' lang='lat' dir='ltr'>Si</span> <span class='ocrx_word' id='word_1_205' title='bbox 558 1168 601 1214; x_wconf 86' lang='lat' dir='ltr'>quis</span> <span class='ocrx_word' id='word_1_206' title='bbox 624 1167 688 1215; x_wconf 83' lang='lat' dir='ltr'>diligit</span> <span class='ocrx_word' id='word_1_207' title='bbox 709 1179 747 1212; x_wconf 86' lang='lat' dir='ltr'>me,</span> <span class='ocrx_word' id='word_1_208' title='bbox 770 1179 878 1205; x_wconf 85' lang='lat' dir='ltr'>sermonem</span> 
     </span>
     <span class='ocr_line' id='line_1_20' title="bbox 117 1223 877 1288; baseline 0 -28"><span class='ocrx_word' id='word_1_209' title='bbox 117 1235 183 1261; x_wconf 92' lang='lat' dir='ltr'>meum</span> <span class='ocrx_word' id='word_1_210' title='bbox 198 1223 291 1273; x_wconf 66' lang='lat' dir='ltr'>servavit,</span> <span class='ocrx_word' id='word_1_211' title='bbox 307 1228 327 1261; x_wconf 84' lang='lat' dir='ltr'>et</span> <span class='ocrx_word' id='word_1_212' title='bbox 342 1228 399 1269; x_wconf 81' lang='lat' dir='ltr'>pater</span> <span class='ocrx_word' id='word_1_213' title='bbox 413 1235 468 1261; x_wconf 86' lang='lat' dir='ltr'>meus</span> <span class='ocrx_word' id='word_1_214' title='bbox 484 1223 552 1288; x_wconf 80' lang='lat' dir='ltr'>diliget</span> <span class='ocrx_word' id='word_1_215' title='bbox 567 1237 618 1274; x_wconf 76' lang='lat' dir='ltr'>eum</span> <span class='ocrx_word' id='word_1_216' title='bbox 641 1229 661 1262; x_wconf 87' lang='lat' dir='ltr'>et</span> <span class='ocrx_word' id='word_1_217' title='bbox 679 1224 763 1262; x_wconf 85' lang='lat' dir='ltr'>adeum</span> <span class='ocrx_word' id='word_1_218' title='bbox 777 1223 877 1261; x_wconf 68' lang='lat' dir='ltr'>veniemus.¹</span> 
     </span>
     <span class='ocr_line' id='line_1_21' title="bbox 118 1279 878 1333; baseline 0 -16"><span class='ocrx_word' id='word_1_219' title='bbox 118 1286 138 1317; x_wconf 89' lang='lat' dir='ltr'>et</span> <span class='ocrx_word' id='word_1_220' title='bbox 153 1279 205 1326; x_wconf 82' lang='lat' dir='ltr'>opud</span> <span class='ocrx_word' id='word_1_221' title='bbox 220 1292 265 1318; x_wconf 89' lang='lat' dir='ltr'>eum</span> <span class='ocrx_word' id='word_1_222' title='bbox 280 1292 389 1333; x_wconf 82' lang='lat' dir='ltr'>manemus·</span> <span class='ocrx_word' id='word_1_223' title='bbox 421 1282 448 1318; x_wconf 81' lang='lat'>24</span> <span class='ocrx_word' id='word_1_224' title='bbox 472 1280 506 1327; x_wconf 87' lang='lat' dir='ltr'>qui</span> <span class='ocrx_word' id='word_1_225' title='bbox 521 1294 559 1319; x_wconf 92' lang='lat' dir='ltr'>non</span> <span class='ocrx_word' id='word_1_226' title='bbox 575 1280 639 1327; x_wconf 80' lang='lat' dir='ltr'>diligit</span> <span class='ocrx_word' id='word_1_227' title='bbox 654 1293 684 1318; x_wconf 88' lang='lat' dir='ltr'>me</span> <span class='ocrx_word' id='word_1_228' title='bbox 704 1293 802 1319; x_wconf 83' lang='lat' dir='ltr'>sermones</span> <span class='ocrx_word' id='word_1_229' title='bbox 825 1292 878 1318; x_wconf 85' lang='lat' dir='ltr'>meos</span> 
     </span>
     <span class='ocr_line' id='line_1_22' title="bbox 118 1312 877 1388; baseline 0 -14"><span class='ocrx_word' id='word_1_230' title='bbox 118 1349 155 1374; x_wconf 90' lang='lat' dir='ltr'>non</span> <span class='ocrx_word' id='word_1_231' title='bbox 171 1342 248 1374; x_wconf 84' lang='lat' dir='ltr'>servat:</span> <span class='ocrx_word' id='word_1_232' title='bbox 266 1312 410 1375; x_wconf 77' lang='lat' dir='ltr'>etsermondm</span> <span class='ocrx_word' id='word_1_233' title='bbox 426 1349 482 1383; x_wconf 90' lang='lat' dir='ltr'>quem</span> <span class='ocrx_word' id='word_1_234' title='bbox 498 1337 588 1388; x_wconf 81' lang='lat' dir='ltr'>audistis,</span> <span class='ocrx_word' id='word_1_235' title='bbox 604 1350 658 1376; x_wconf 86' lang='lat' dir='ltr'>meus</span> <span class='ocrx_word' id='word_1_236' title='bbox 674 1343 764 1379; x_wconf 87' lang='lat' dir='ltr'>nonest</span> <span class='ocrx_word' id='word_1_237' title='bbox 785 1337 820 1374; x_wconf 85' lang='lat' dir='ltr'>sed</span> <span class='ocrx_word' id='word_1_238' title='bbox 835 1337 877 1374; x_wconf 86' lang='lat' dir='ltr'>eins</span> 
     </span>
     <span class='ocr_line' id='line_1_23' title="bbox 118 1380 878 1441; baseline 0.001 -11"><span class='ocrx_word' id='word_1_239' title='bbox 118 1393 151 1441; x_wconf 89' lang='lat' dir='ltr'>qui</span> <span class='ocrx_word' id='word_1_240' title='bbox 166 1406 197 1431; x_wconf 87' lang='lat' dir='ltr'>me</span> <span class='ocrx_word' id='word_1_241' title='bbox 212 1393 267 1431; x_wconf 84' lang='lat' dir='ltr'>misit</span> <span class='ocrx_word' id='word_1_242' title='bbox 281 1393 350 1440; x_wconf 78' lang='lat' dir='ltr'>patris</span> <span class='ocrx_word' id='word_1_243' title='bbox 382 1397 407 1431; x_wconf 84' lang='lat'>25</span> <span class='ocrx_word' id='word_1_244' title='bbox 431 1393 482 1433; x_wconf 87' lang='lat' dir='ltr'>Haeo</span> <span class='ocrx_word' id='word_1_245' title='bbox 497 1393 574 1432; x_wconf 83' lang='lat' dir='ltr'>loeutus</span> <span class='ocrx_word' id='word_1_246' title='bbox 594 1406 636 1432; x_wconf 85' lang='grc'>511111</span> <span class='ocrx_word' id='word_1_247' title='bbox 652 1393 708 1432; x_wconf 89' lang='lat' dir='ltr'>vobis</span> <span class='ocrx_word' id='word_1_248' title='bbox 723 1380 774 1440; x_wconf 83' lang='lat' dir='ltr'>apud</span> <span class='ocrx_word' id='word_1_249' title='bbox 789 1406 824 1431; x_wconf 90' lang='lat' dir='ltr'>vos</span> <span class='ocrx_word' id='word_1_250' title='bbox 839 1404 878 1431; x_wconf 82' lang='lat' dir='ltr'>ma·</span> 
     </span>
     <span class='ocr_line' id='line_1_24' title="bbox 119 1448 886 1499; baseline 0 -12"><span class='ocrx_word' id='word_1_251' title='bbox 119 1461 177 1488; x_wconf 87' lang='lat' dir='ltr'>nens:</span> <span class='ocrx_word' id='word_1_252' title='bbox 208 1448 445 1499; x_wconf 78' lang='grc'>26111111111151111111</span> <span class='ocrx_word' id='word_1_253' title='bbox 469 1450 501 1488; x_wconf 87' lang='lat' dir='ltr'>ille</span> <span class='ocrx_word' id='word_1_254' title='bbox 525 1451 607 1497; x_wconf 77' lang='lat' dir='ltr'>spiritus</span> <span class='ocrx_word' id='word_1_255' title='bbox 630 1458 711 1490; x_wconf 82' lang='lat' dir='ltr'>sanetus</span> <span class='ocrx_word' id='word_1_256' title='bbox 734 1462 791 1498; x_wconf 82' lang='lat' dir='ltr'>quem</span> <span class='ocrx_word' id='word_1_257' title='bbox 813 1449 886 1488; x_wconf 75' lang='lat' dir='ltr'>mittet</span> 
     </span>
     <span class='ocr_line' id='line_1_25' title="bbox 118 1506 877 1554; baseline 0.001 -11"><span class='ocrx_word' id='word_1_258' title='bbox 118 1512 176 1553; x_wconf 84' lang='lat' dir='ltr'>pater</span> <span class='ocrx_word' id='word_1_259' title='bbox 191 1507 211 1544; x_wconf 92' lang='lat' dir='ltr'>in</span> <span class='ocrx_word' id='word_1_260' title='bbox 226 1506 303 1544; x_wconf 86' lang='lat' dir='ltr'>nomine</span> <span class='ocrx_word' id='word_1_261' title='bbox 318 1519 367 1552; x_wconf 86' lang='lat' dir='ltr'>meo,</span> <span class='ocrx_word' id='word_1_262' title='bbox 391 1506 423 1544; x_wconf 84' lang='lat' dir='ltr'>ille</span> <span class='ocrx_word' id='word_1_263' title='bbox 439 1519 473 1544; x_wconf 90' lang='lat' dir='ltr'>vos</span> <span class='ocrx_word' id='word_1_264' title='bbox 489 1507 568 1546; x_wconf 79' lang='lat' dir='ltr'>docebit</span> <span class='ocrx_word' id='word_1_265' title='bbox 588 1508 653 1546; x_wconf 89' lang='lat' dir='ltr'>omnia</span> <span class='ocrx_word' id='word_1_266' title='bbox 667 1512 688 1545; x_wconf 97' lang='grc'>11</span> <span class='ocrx_word' id='word_1_267' title='bbox 710 1513 801 1554; x_wconf 78' lang='lat' dir='ltr'>suggeret</span> <span class='ocrx_word' id='word_1_268' title='bbox 822 1506 877 1544; x_wconf 80' lang='lat' dir='ltr'>uobis</span> 
     </span>
     <span class='ocr_line' id='line_1_26' title="bbox 119 1562 878 1614; baseline 0.003 -16"><span class='ocrx_word' id='word_1_269' title='bbox 119 1575 240 1608; x_wconf 76' lang='lat' dir='ltr'>quaeeunque</span> <span class='ocrx_word' id='word_1_270' title='bbox 256 1562 330 1602; x_wconf 82' lang='lat' dir='ltr'>dixero.</span> <span class='ocrx_word' id='word_1_271' title='bbox 362 1563 389 1600; x_wconf 76' lang='grc'>21</span> <span class='ocrx_word' id='word_1_272' title='bbox 412 1562 483 1601; x_wconf 82' lang='lat' dir='ltr'>Paoem</span> <span class='ocrx_word' id='word_1_273' title='bbox 498 1563 587 1611; x_wconf 85' lang='lat' dir='ltr'>relinquo</span> <span class='ocrx_word' id='word_1_274' title='bbox 601 1563 665 1614; x_wconf 70' lang='lat' dir='ltr'>robis,</span> <span class='ocrx_word' id='word_1_275' title='bbox 686 1574 753 1610; x_wconf 77' lang='lat' dir='ltr'>paoem</span> <span class='ocrx_word' id='word_1_276' title='bbox 775 1574 839 1601; x_wconf 80' lang='lat' dir='ltr'>meam</span> <span class='ocrx_word' id='word_1_277' title='bbox 854 1563 878 1601; x_wconf 91' lang='lat' dir='ltr'>do</span> 
     </span>
     <span class='ocr_line' id='line_1_27' title="bbox 117 1618 880 1667; baseline 0 -10"><span class='ocrx_word' id='word_1_278' title='bbox 117 1619 184 1657; x_wconf 83' lang='lat' dir='ltr'>vobis:</span> <span class='ocrx_word' id='word_1_279' title='bbox 201 1633 239 1657; x_wconf 87' lang='lat' dir='ltr'>non</span> <span class='ocrx_word' id='word_1_280' title='bbox 255 1618 351 1665; x_wconf 82' lang='lat' dir='ltr'>quomodo</span> <span class='ocrx_word' id='word_1_281' title='bbox 365 1619 398 1657; x_wconf 85' lang='lat' dir='ltr'>hio</span> <span class='ocrx_word' id='word_1_282' title='bbox 412 1620 495 1658; x_wconf 81' lang='lat' dir='ltr'>mundus</span> <span class='ocrx_word' id='word_1_283' title='bbox 511 1619 595 1667; x_wconf 82' lang='lat' dir='ltr'>detego</span> <span class='ocrx_word' id='word_1_284' title='bbox 611 1620 635 1659; x_wconf 92' lang='lat' dir='ltr'>do</span> <span class='ocrx_word' id='word_1_285' title='bbox 649 1620 711 1658; x_wconf 87' lang='lat' dir='ltr'>vobis.</span> <span class='ocrx_word' id='word_1_286' title='bbox 741 1619 787 1658; x_wconf 91' lang='lat' dir='ltr'>Non</span> <span class='ocrx_word' id='word_1_287' title='bbox 802 1625 880 1657; x_wconf 81' lang='grc'>11111111-</span> 
     </span>
     <span class='ocr_line' id='line_1_28' title="bbox 117 1675 878 1722; baseline 0 -9"><span class='ocrx_word' id='word_1_288' title='bbox 117 1676 175 1714; x_wconf 85' lang='lat' dir='ltr'>betur</span> <span class='ocrx_word' id='word_1_289' title='bbox 190 1687 224 1714; x_wconf 89' lang='lat' dir='ltr'>oor</span> <span class='ocrx_word' id='word_1_290' title='bbox 238 1682 326 1713; x_wconf 78' lang='lat' dir='ltr'>vestrum</span> <span class='ocrx_word' id='word_1_291' title='bbox 341 1688 404 1721; x_wconf 83' lang='lat' dir='ltr'>neque</span> <span class='ocrx_word' id='word_1_292' title='bbox 419 1675 518 1714; x_wconf 84' lang='lat' dir='ltr'>formidet.</span> <span class='ocrx_word' id='word_1_293' title='bbox 551 1681 575 1715; x_wconf 82' lang='lat'>28</span> <span class='ocrx_word' id='word_1_294' title='bbox 598 1676 690 1715; x_wconf 82' lang='lat' dir='ltr'>Audistis</span> <span class='ocrx_word' id='word_1_295' title='bbox 705 1676 752 1722; x_wconf 86' lang='lat' dir='ltr'>quia</span> <span class='ocrx_word' id='word_1_296' title='bbox 766 1676 807 1714; x_wconf 76' lang='lat' dir='ltr'>dixi</span> <span class='ocrx_word' id='word_1_297' title='bbox 822 1675 878 1714; x_wconf 84' lang='lat' dir='ltr'>robis</span> 
     </span>
     <span class='ocr_line' id='line_1_29' title="bbox 116 1731 877 1784; baseline -0.001 -14"><span class='ocrx_word' id='word_1_298' title='bbox 116 1732 174 1770; x_wconf 83' lang='lat' dir='ltr'>Vado</span> <span class='ocrx_word' id='word_1_299' title='bbox 190 1738 211 1770; x_wconf 89' lang='lat' dir='ltr'>et</span> <span class='ocrx_word' id='word_1_300' title='bbox 225 1733 283 1770; x_wconf 90' lang='lat' dir='ltr'>venio</span> <span class='ocrx_word' id='word_1_301' title='bbox 302 1732 326 1770; x_wconf 90' lang='lat' dir='ltr'>ad</span> <span class='ocrx_word' id='word_1_302' title='bbox 349 1745 389 1770; x_wconf 82' lang='lat' dir='ltr'>vos</span> <span class='ocrx_word' id='word_1_303' title='bbox 421 1731 442 1770; x_wconf 82' lang='lat' dir='ltr'>Si</span> <span class='ocrx_word' id='word_1_304' title='bbox 465 1732 569 1780; x_wconf 84' lang='lat' dir='ltr'>diligeritis</span> <span class='ocrx_word' id='word_1_305' title='bbox 592 1746 630 1784; x_wconf 72' lang='lat' dir='ltr'>me,</span> <span class='ocrx_word' id='word_1_306' title='bbox 652 1732 764 1780; x_wconf 77' lang='lat' dir='ltr'>gauderetis</span> <span class='ocrx_word' id='word_1_307' title='bbox 787 1733 877 1778; x_wconf 84' lang='lat' dir='ltr'>quoniam</span> 
     </span>
     <span class='ocr_line' id='line_1_30' title="bbox 117 1788 878 1838; baseline 0 -12"><span class='ocrx_word' id='word_1_308' title='bbox 117 1789 166 1827; x_wconf 88' lang='lat' dir='ltr'>vado</span> <span class='ocrx_word' id='word_1_309' title='bbox 182 1789 207 1827; x_wconf 82' lang='lat' dir='ltr'>ad</span> <span class='ocrx_word' id='word_1_310' title='bbox 222 1795 304 1838; x_wconf 79' lang='lat' dir='ltr'>patrem,</span> <span class='ocrx_word' id='word_1_311' title='bbox 321 1789 367 1835; x_wconf 83' lang='lat' dir='ltr'>quia</span> <span class='ocrx_word' id='word_1_312' title='bbox 381 1793 438 1835; x_wconf 81' lang='lat' dir='ltr'>pater</span> <span class='ocrx_word' id='word_1_313' title='bbox 452 1790 515 1828; x_wconf 82' lang='lat' dir='ltr'>maior</span> <span class='ocrx_word' id='word_1_314' title='bbox 530 1803 560 1828; x_wconf 89' lang='lat' dir='ltr'>me</span> <span class='ocrx_word' id='word_1_315' title='bbox 576 1797 612 1829; x_wconf 88' lang='lat' dir='ltr'>est.</span> <span class='ocrx_word' id='word_1_316' title='bbox 643 1794 670 1828; x_wconf 82' lang='lat'>29</span> <span class='ocrx_word' id='word_1_317' title='bbox 693 1788 752 1827; x_wconf 90' lang='lat' dir='ltr'>Nuno</span> <span class='ocrx_word' id='word_1_318' title='bbox 767 1789 808 1827; x_wconf 82' lang='lat' dir='ltr'>dixi</span> <span class='ocrx_word' id='word_1_319' title='bbox 823 1789 878 1828; x_wconf 82' lang='lat' dir='ltr'>vobis</span> 
     </span>
     <span class='ocr_line' id='line_1_31' title="bbox 115 1845 877 1894; baseline -0.001 -11"><span class='ocrx_word' id='word_1_320' title='bbox 115 1853 220 1892; x_wconf 78' lang='lat' dir='ltr'>antequam</span> <span class='ocrx_word' id='word_1_321' title='bbox 242 1846 283 1894; x_wconf 77' lang='lat' dir='ltr'>fiat,</span> <span class='ocrx_word' id='word_1_322' title='bbox 312 1852 336 1883; x_wconf 88' lang='lat' dir='ltr'>ut</span> <span class='ocrx_word' id='word_1_323' title='bbox 358 1858 402 1883; x_wconf 89' lang='lat' dir='ltr'>oum</span> <span class='ocrx_word' id='word_1_324' title='bbox 424 1845 499 1884; x_wconf 77' lang='lat' dir='ltr'>factum</span> <span class='ocrx_word' id='word_1_325' title='bbox 519 1845 581 1884; x_wconf 85' lang='lat' dir='ltr'>fuerit</span> <span class='ocrx_word' id='word_1_326' title='bbox 603 1845 694 1885; x_wconf 76' lang='lat' dir='ltr'>medatis.</span> <span class='ocrx_word' id='word_1_327' title='bbox 727 1849 752 1884; x_wconf 84' lang='lat'>30</span> <span class='ocrx_word' id='word_1_328' title='bbox 775 1845 818 1883; x_wconf 85' lang='lat' dir='ltr'>Iam</span> <span class='ocrx_word' id='word_1_329' title='bbox 840 1859 877 1884; x_wconf 86' lang='lat' dir='ltr'>nou</span> 
     </span>
     <span class='ocr_line' id='line_1_32' title="bbox 115 1901 878 1952; baseline -0.001 -12"><span class='ocrx_word' id='word_1_330' title='bbox 115 1901 182 1940; x_wconf 82' lang='lat' dir='ltr'>multa·</span> <span class='ocrx_word' id='word_1_331' title='bbox 192 1902 262 1949; x_wconf 82' lang='lat' dir='ltr'>loquor</span> <span class='ocrx_word' id='word_1_332' title='bbox 276 1901 341 1940; x_wconf 81' lang='lat' dir='ltr'>robis:</span> <span class='ocrx_word' id='word_1_333' title='bbox 358 1901 412 1939; x_wconf 86' lang='lat' dir='ltr'>venit</span> <span class='ocrx_word' id='word_1_334' title='bbox 428 1903 479 1940; x_wconf 88' lang='lat' dir='ltr'>enim</span> <span class='ocrx_word' id='word_1_335' title='bbox 493 1903 553 1940; x_wconf 86' lang='grc'>1111115</span> <span class='ocrx_word' id='word_1_336' title='bbox 574 1902 642 1940; x_wconf 88' lang='lat' dir='ltr'>mundi</span> <span class='ocrx_word' id='word_1_337' title='bbox 656 1903 755 1952; x_wconf 78' lang='grc'>1111111115,</span> <span class='ocrx_word' id='word_1_338' title='bbox 777 1909 798 1940; x_wconf 96' lang='grc'>11</span> <span class='ocrx_word' id='word_1_339' title='bbox 813 1903 833 1939; x_wconf 87' lang='lat' dir='ltr'>in</span> <span class='ocrx_word' id='word_1_340' title='bbox 848 1915 878 1939; x_wconf 88' lang='lat' dir='ltr'>me</span> 
     </span>
     <span class='ocr_line' id='line_1_33' title="bbox 116 1957 878 2006; baseline -0.003 -9"><span class='ocrx_word' id='word_1_341' title='bbox 116 1972 153 1997; x_wconf 91' lang='lat' dir='ltr'>non</span> <span class='ocrx_word' id='word_1_342' title='bbox 169 1958 229 1997; x_wconf 79' lang='lat' dir='ltr'>habet</span> <span class='ocrx_word' id='word_1_343' title='bbox 244 1958 357 2006; x_wconf 74' lang='lat' dir='ltr'>quidquam,</span> <span class='ocrx_word' id='word_1_344' title='bbox 389 1962 412 1995; x_wconf 77' lang='lat'>31</span> <span class='ocrx_word' id='word_1_345' title='bbox 438 1958 473 1995; x_wconf 88' lang='lat' dir='ltr'>sed</span> <span class='ocrx_word' id='word_1_346' title='bbox 495 1966 518 1996; x_wconf 92' lang='lat' dir='ltr'>ut</span> <span class='ocrx_word' id='word_1_347' title='bbox 533 1964 637 2005; x_wconf 78' lang='lat' dir='ltr'>eognoscat</span> <span class='ocrx_word' id='word_1_348' title='bbox 658 1958 742 1996; x_wconf 87' lang='lat' dir='ltr'>mundus</span> <span class='ocrx_word' id='word_1_349' title='bbox 757 1958 803 2004; x_wconf 78' lang='lat' dir='ltr'>quio</span> <span class='ocrx_word' id='word_1_350' title='bbox 818 1957 878 2005; x_wconf 85' lang='lat' dir='ltr'>diligo</span> 
     </span>
     <span class='ocr_line' id='line_1_34' title="bbox 115 2013 877 2091; baseline 0.001 -39"><span class='ocrx_word' id='word_1_351' title='bbox 115 2021 199 2064; x_wconf 81' lang='lat' dir='ltr'>patrem,</span> <span class='ocrx_word' id='word_1_352' title='bbox 215 2020 235 2053; x_wconf 90' lang='lat' dir='ltr'>et</span> <span class='ocrx_word' id='word_1_353' title='bbox 250 2014 302 2053; x_wconf 89' lang='lat' dir='ltr'>siout</span> <span class='ocrx_word' id='word_1_354' title='bbox 316 2020 437 2062; x_wconf 84' lang='lat' dir='ltr'>praeoeptum</span> <span class='ocrx_word' id='word_1_355' title='bbox 453 2013 508 2052; x_wconf 83' lang='lat' dir='ltr'>dedit</span> <span class='ocrx_word' id='word_1_356' title='bbox 522 2015 572 2053; x_wconf 87' lang='lat' dir='ltr'>mihi</span> <span class='ocrx_word' id='word_1_357' title='bbox 586 2020 650 2066; x_wconf 81' lang='lat' dir='ltr'>pater,</span> <span class='ocrx_word' id='word_1_358' title='bbox 666 2015 694 2053; x_wconf 86' lang='lat' dir='ltr'>sio</span> <span class='ocrx_word' id='word_1_359' title='bbox 709 2014 765 2053; x_wconf 85' lang='lat' dir='ltr'>faoio</span> <span class='ocrx_word' id='word_1_360' title='bbox 792 2013 877 2091; x_wconf 78' lang='lat' dir='ltr'>Surgite,</span> 
     </span>
     <span class='ocr_line' id='line_1_35' title="bbox 115 2071 251 2111; baseline -0.008 -1"><span class='ocrx_word' id='word_1_361' title='bbox 115 2084 184 2110; x_wconf 82' lang='lat' dir='ltr'>eamus</span> <span class='ocrx_word' id='word_1_362' title='bbox 199 2071 251 2111; x_wconf 85' lang='lat' dir='ltr'>hine</span> 
     </span>
    </p>

    <p class='ocr_par' dir='ltr' id='par_1_3' title="bbox 113 2123 881 2798">
     <span class='ocr_line' id='line_1_36' title="bbox 173 2123 878 2178; baseline -0.003 -11"><span class='ocrx_word' id='word_1_363' title='bbox 173 2123 222 2171; x_wconf 75' lang='lat' dir='ltr'>XV.</span> <span class='ocrx_word' id='word_1_364' title='bbox 258 2131 264 2164; x_wconf 89' lang='lat' dir='ltr'>l</span> <span class='ocrx_word' id='word_1_365' title='bbox 281 2128 325 2173; x_wconf 78' lang='lat' dir='ltr'>Ego</span> <span class='ocrx_word' id='word_1_366' title='bbox 340 2140 383 2165; x_wconf 88' lang='lat' dir='ltr'>sum</span> <span class='ocrx_word' id='word_1_367' title='bbox 398 2127 445 2165; x_wconf 88' lang='lat' dir='ltr'>vitis</span> <span class='ocrx_word' id='word_1_368' title='bbox 461 2139 514 2178; x_wconf 78' lang='lat' dir='ltr'>vera,</span> <span class='ocrx_word' id='word_1_369' title='bbox 538 2134 559 2166; x_wconf 90' lang='lat' dir='ltr'>et</span> <span class='ocrx_word' id='word_1_370' title='bbox 578 2134 636 2174; x_wconf 83' lang='lat' dir='ltr'>pater</span> <span class='ocrx_word' id='word_1_371' title='bbox 650 2141 705 2165; x_wconf 90' lang='lat' dir='ltr'>meus</span> <span class='ocrx_word' id='word_1_372' title='bbox 721 2127 827 2175; x_wconf 75' lang='lat' dir='ltr'>agricultor</span> <span class='ocrx_word' id='word_1_373' title='bbox 842 2135 878 2165; x_wconf 85' lang='lat' dir='ltr'>est.</span> 
     </span>
     <span class='ocr_line' id='line_1_37' title="bbox 115 2183 879 2233; baseline -0.004 -9"><span class='ocrx_word' id='word_1_374' title='bbox 115 2191 127 2223; x_wconf 83' lang='grc'>2</span> <span class='ocrx_word' id='word_1_375' title='bbox 145 2184 227 2224; x_wconf 88' lang='lat' dir='ltr'>Omnem</span> <span class='ocrx_word' id='word_1_376' title='bbox 243 2183 344 2231; x_wconf 82' lang='lat' dir='ltr'>palmitem</span> <span class='ocrx_word' id='word_1_377' title='bbox 364 2184 385 2222; x_wconf 96' lang='lat' dir='ltr'>in</span> <span class='ocrx_word' id='word_1_378' title='bbox 408 2197 438 2222; x_wconf 89' lang='lat' dir='ltr'>me</span> <span class='ocrx_word' id='word_1_379' title='bbox 463 2197 502 2222; x_wconf 90' lang='lat' dir='ltr'>non</span> <span class='ocrx_word' id='word_1_380' title='bbox 524 2184 621 2223; x_wconf 81' lang='lat' dir='ltr'>ferentem</span> <span class='ocrx_word' id='word_1_381' title='bbox 642 2185 734 2233; x_wconf 83' lang='lat' dir='ltr'>fruet-um,</span> <span class='ocrx_word' id='word_1_382' title='bbox 758 2183 815 2222; x_wconf 87' lang='lat' dir='ltr'>tollet</span> <span class='ocrx_word' id='word_1_383' title='bbox 835 2196 879 2222; x_wconf 90' lang='lat' dir='ltr'>eum</span> 
     </span>
     <span class='ocr_line' id='line_1_38' title="bbox 114 2239 880 2289; baseline -0.003 -9"><span class='ocrx_word' id='word_1_384' title='bbox 114 2249 173 2289; x_wconf 82' lang='lat' dir='ltr'>pater</span> <span class='ocrx_word' id='word_1_385' title='bbox 188 2248 209 2280; x_wconf 90' lang='lat' dir='ltr'>et</span> <span class='ocrx_word' id='word_1_386' title='bbox 224 2253 299 2279; x_wconf 87' lang='lat' dir='ltr'>omnem</span> <span class='ocrx_word' id='word_1_387' title='bbox 316 2241 350 2286; x_wconf 85' lang='lat' dir='ltr'>qui</span> <span class='ocrx_word' id='word_1_388' title='bbox 365 2242 417 2278; x_wconf 86' lang='lat' dir='ltr'>leret</span> <span class='ocrx_word' id='word_1_389' title='bbox 432 2240 525 2289; x_wconf 75' lang='lat' dir='ltr'>fructum,</span> <span class='ocrx_word' id='word_1_390' title='bbox 542 2240 634 2288; x_wconf 78' lang='lat' dir='ltr'>purgabit</span> <span class='ocrx_word' id='word_1_391' title='bbox 648 2254 692 2279; x_wconf 90' lang='lat' dir='ltr'>eum</span> <span class='ocrx_word' id='word_1_392' title='bbox 707 2247 731 2278; x_wconf 91' lang='lat' dir='ltr'>ut</span> <span class='ocrx_word' id='word_1_393' title='bbox 744 2239 880 2289; x_wconf 83' lang='lat' dir='ltr'>fructumplu·</span> 
     </span>
     <span class='ocr_line' id='line_1_39' title="bbox 114 2295 880 2343; baseline -0.003 -7"><span class='ocrx_word' id='word_1_394' title='bbox 114 2300 186 2337; x_wconf 92' lang='lat' dir='ltr'>rimum</span> <span class='ocrx_word' id='word_1_395' title='bbox 202 2298 276 2336; x_wconf 79' lang='lat' dir='ltr'>afferat.</span> <span class='ocrx_word' id='word_1_396' title='bbox 309 2301 320 2334; x_wconf 83' lang='lat'>3</span> <span class='ocrx_word' id='word_1_397' title='bbox 344 2295 387 2334; x_wconf 84' lang='lat' dir='ltr'>Iam</span> <span class='ocrx_word' id='word_1_398' title='bbox 402 2308 437 2334; x_wconf 89' lang='lat' dir='ltr'>vos</span> <span class='ocrx_word' id='word_1_399' title='bbox 453 2296 521 2335; x_wconf 88' lang='lat' dir='ltr'>mundi</span> <span class='ocrx_word' id='word_1_400' title='bbox 536 2298 585 2335; x_wconf 88' lang='lat' dir='ltr'>estis</span> <span class='ocrx_word' id='word_1_401' title='bbox 600 2304 682 2343; x_wconf 80' lang='lat' dir='ltr'>propter</span> <span class='ocrx_word' id='word_1_402' title='bbox 699 2308 809 2335; x_wconf 84' lang='lat' dir='ltr'>sermonem</span> <span class='ocrx_word' id='word_1_403' title='bbox 823 2308 880 2343; x_wconf 90' lang='lat' dir='ltr'>quem</span> 
     </span>
     <span class='ocr_line' id='line_1_40' title="bbox 114 2351 879 2405; baseline -0.005 -11"><span class='ocrx_word' id='word_1_404' title='bbox 114 2355 192 2394; x_wconf 82' lang='lat' dir='ltr'>loeutus</span> <span class='ocrx_word' id='word_1_405' title='bbox 207 2367 251 2392; x_wconf 88' lang='lat' dir='ltr'>sum</span> <span class='ocrx_word' id='word_1_406' title='bbox 265 2351 333 2392; x_wconf 83' lang='lat' dir='ltr'>vobis:</span> <span class='ocrx_word' id='word_1_407' title='bbox 363 2357 375 2391; x_wconf 89' lang='grc'><strong>4</strong></span> <span class='ocrx_word' id='word_1_408' title='bbox 400 2361 477 2391; x_wconf 82' lang='lat' dir='ltr'>manete</span> <span class='ocrx_word' id='word_1_409' title='bbox 492 2354 513 2392; x_wconf 93' lang='lat' dir='ltr'>in</span> <span class='ocrx_word' id='word_1_410' title='bbox 528 2367 565 2405; x_wconf 68' lang='lat' dir='ltr'>me7</span> <span class='ocrx_word' id='word_1_411' title='bbox 589 2360 609 2391; x_wconf 93' lang='lat' dir='ltr'>et</span> <span class='ocrx_word' id='word_1_412' title='bbox 629 2366 664 2401; x_wconf 88' lang='lat' dir='ltr'>ego</span> <span class='ocrx_word' id='word_1_413' title='bbox 687 2353 708 2392; x_wconf 93' lang='lat' dir='ltr'>in</span> <span class='ocrx_word' id='word_1_414' title='bbox 730 2353 792 2392; x_wconf 89' lang='lat' dir='ltr'>vobis.</span> <span class='ocrx_word' id='word_1_415' title='bbox 823 2352 879 2391; x_wconf 84' lang='lat' dir='ltr'>Siout</span> 
     </span>
     <span class='ocr_line' id='line_1_41' title="bbox 114 2409 879 2456; baseline -0.003 -7"><span class='ocrx_word' id='word_1_416' title='bbox 114 2417 234 2450; x_wconf 73' lang='lat' dir='ltr'>sarmentum</span> <span class='ocrx_word' id='word_1_417' title='bbox 250 2423 289 2448; x_wconf 88' lang='lat' dir='ltr'>non</span> <span class='ocrx_word' id='word_1_418' title='bbox 303 2416 371 2456; x_wconf 83' lang='lat' dir='ltr'>potest</span> <span class='ocrx_word' id='word_1_419' title='bbox 386 2409 438 2447; x_wconf 82' lang='lat' dir='ltr'>ferre</span> <span class='ocrx_word' id='word_1_420' title='bbox 460 2410 546 2448; x_wconf 78' lang='lat' dir='ltr'>fructum</span> <span class='ocrx_word' id='word_1_421' title='bbox 570 2411 702 2456; x_wconf 81' lang='lat' dir='ltr'>asemetipso</span> <span class='ocrx_word' id='word_1_422' title='bbox 723 2410 761 2448; x_wconf 89' lang='lat' dir='ltr'>nisi</span> <span class='ocrx_word' id='word_1_423' title='bbox 784 2410 879 2448; x_wconf 86' lang='lat' dir='ltr'>manserit</span> 
     </span>
     <span class='ocr_line' id='line_1_42' title="bbox 113 2466 881 2518; baseline -0.004 -12"><span class='ocrx_word' id='word_1_424' title='bbox 113 2469 134 2506; x_wconf 86' lang='lat' dir='ltr'>iu</span> <span class='ocrx_word' id='word_1_425' title='bbox 148 2468 197 2518; x_wconf 75' lang='lat' dir='ltr'>vite,</span> <span class='ocrx_word' id='word_1_426' title='bbox 212 2467 241 2505; x_wconf 84' lang='lat' dir='ltr'>sio</span> <span class='ocrx_word' id='word_1_427' title='bbox 257 2470 277 2504; x_wconf 84' lang='lat' dir='ltr'>et</span> <span class='ocrx_word' id='word_1_428' title='bbox 292 2477 328 2504; x_wconf 87' lang='lat' dir='ltr'>vos</span> <span class='ocrx_word' id='word_1_429' title='bbox 344 2466 382 2504; x_wconf 87' lang='grc'>11151</span> <span class='ocrx_word' id='word_1_430' title='bbox 398 2466 418 2504; x_wconf 88' lang='lat' dir='ltr'>in</span> <span class='ocrx_word' id='word_1_431' title='bbox 434 2479 464 2504; x_wconf 91' lang='lat' dir='ltr'>me</span> <span class='ocrx_word' id='word_1_432' title='bbox 480 2467 599 2507; x_wconf 84' lang='lat' dir='ltr'>manseritis.</span> <span class='ocrx_word' id='word_1_433' title='bbox 631 2471 641 2504; x_wconf 87' lang='grc'><em>5</em></span> <span class='ocrx_word' id='word_1_434' title='bbox 665 2466 708 2514; x_wconf 79' lang='lat' dir='ltr'>Ego</span> <span class='ocrx_word' id='word_1_435' title='bbox 723 2479 766 2504; x_wconf 88' lang='lat' dir='ltr'>sum</span> <span class='ocrx_word' id='word_1_436' title='bbox 781 2466 835 2512; x_wconf 80' lang='lat' dir='ltr'>vitis,</span> <span class='ocrx_word' id='word_1_437' title='bbox 861 2473 881 2504; x_wconf 87' lang='lat' dir='ltr'>et</span> 
     </span>
     <span class='ocr_line' id='line_1_43' title="bbox 113 2521 881 2572; baseline -0.001 -11"><span class='ocrx_word' id='word_1_438' title='bbox 113 2538 148 2563; x_wconf 85' lang='lat' dir='ltr'>vos</span> <span class='ocrx_word' id='word_1_439' title='bbox 165 2524 213 2562; x_wconf 86' lang='lat' dir='ltr'>estis</span> <span class='ocrx_word' id='word_1_440' title='bbox 229 2529 340 2561; x_wconf 75' lang='lat' dir='ltr'>sarmentat</span> <span class='ocrx_word' id='word_1_441' title='bbox 364 2522 398 2568; x_wconf 84' lang='lat' dir='ltr'>qui</span> <span class='ocrx_word' id='word_1_442' title='bbox 415 2530 482 2561; x_wconf 87' lang='lat' dir='ltr'>manet</span> <span class='ocrx_word' id='word_1_443' title='bbox 496 2524 517 2561; x_wconf 89' lang='lat' dir='ltr'>in</span> <span class='ocrx_word' id='word_1_444' title='bbox 532 2536 562 2561; x_wconf 93' lang='lat' dir='ltr'>me</span> <span class='ocrx_word' id='word_1_445' title='bbox 578 2530 599 2561; x_wconf 88' lang='lat' dir='ltr'>et</span> <span class='ocrx_word' id='word_1_446' title='bbox 614 2535 649 2570; x_wconf 86' lang='lat' dir='ltr'>ego</span> <span class='ocrx_word' id='word_1_447' title='bbox 664 2523 684 2561; x_wconf 95' lang='lat' dir='ltr'>in</span> <span class='ocrx_word' id='word_1_448' title='bbox 707 2521 746 2572; x_wconf 82' lang='lat' dir='ltr'>illo,</span> <span class='ocrx_word' id='word_1_449' title='bbox 768 2523 801 2561; x_wconf 88' lang='lat' dir='ltr'>hio</span> <span class='ocrx_word' id='word_1_450' title='bbox 824 2522 881 2560; x_wconf 82' lang='lat' dir='ltr'>affert</span> 
     </span>
     <span class='ocr_line' id='line_1_44' title="bbox 113 2578 880 2627; baseline -0.001 -9"><span class='ocrx_word' id='word_1_451' title='bbox 113 2581 200 2619; x_wconf 79' lang='lat' dir='ltr'>fructum</span> <span class='ocrx_word' id='word_1_452' title='bbox 217 2579 324 2627; x_wconf 76' lang='lat' dir='ltr'>copiosum,</span> <span class='ocrx_word' id='word_1_453' title='bbox 350 2579 397 2626; x_wconf 78' lang='lat' dir='ltr'>quia</span> <span class='ocrx_word' id='word_1_454' title='bbox 420 2579 462 2617; x_wconf 89' lang='lat' dir='ltr'>sine</span> <span class='ocrx_word' id='word_1_455' title='bbox 484 2593 514 2617; x_wconf 89' lang='lat' dir='ltr'>me</span> <span class='ocrx_word' id='word_1_456' title='bbox 530 2579 591 2618; x_wconf 89' lang='lat' dir='ltr'>niohil</span> <span class='ocrx_word' id='word_1_457' title='bbox 613 2579 698 2626; x_wconf 84' lang='lat' dir='ltr'>potestis</span> <span class='ocrx_word' id='word_1_458' title='bbox 720 2579 791 2619; x_wconf 84' lang='lat' dir='ltr'>faeere.</span> <span class='ocrx_word' id='word_1_459' title='bbox 823 2584 834 2617; x_wconf 83' lang='lat'><strong>6</strong></span> <span class='ocrx_word' id='word_1_460' title='bbox 858 2578 880 2617; x_wconf 84' lang='lat' dir='ltr'>Si</span> 
     </span>
     <span class='ocr_line' id='line_1_45' title="bbox 113 2635 880 2684; baseline 0 -10"><span class='ocrx_word' id='word_1_461' title='bbox 113 2638 157 2683; x_wconf 78' lang='lat' dir='ltr'>quis</span> <span class='ocrx_word' id='word_1_462' title='bbox 173 2638 195 2675; x_wconf 89' lang='lat' dir='ltr'>in</span> <span class='ocrx_word' id='word_1_463' title='bbox 210 2650 241 2675; x_wconf 87' lang='lat' dir='ltr'>me</span> <span class='ocrx_word' id='word_1_464' title='bbox 257 2647 296 2674; x_wconf 89' lang='lat' dir='ltr'>non</span> <span class='ocrx_word' id='word_1_465' title='bbox 311 2635 411 2684; x_wconf 69' lang='lat' dir='ltr'>manserit,</span> <span class='ocrx_word' id='word_1_466' title='bbox 427 2637 521 2682; x_wconf 84' lang='lat' dir='ltr'>praeoisus</span> <span class='ocrx_word' id='word_1_467' title='bbox 538 2641 569 2675; x_wconf 88' lang='lat' dir='ltr'>est</span> <span class='ocrx_word' id='word_1_468' title='bbox 583 2635 636 2675; x_wconf 85' lang='lat' dir='ltr'>siout</span> <span class='ocrx_word' id='word_1_469' title='bbox 650 2642 770 2674; x_wconf 83' lang='lat' dir='ltr'>sarmentum</span> <span class='ocrx_word' id='word_1_470' title='bbox 781 2643 801 2674; x_wconf 88' lang='lat' dir='ltr'>et</span> <span class='ocrx_word' id='word_1_471' title='bbox 815 2635 880 2674; x_wconf 83' lang='lat' dir='ltr'>mitte·</span> 
     </span>
     <span class='ocr_line' id='line_1_46' title="bbox 114 2691 879 2744; baseline 0.004 -14"><span class='ocrx_word' id='word_1_472' title='bbox 114 2700 148 2731; x_wconf 91' lang='lat' dir='ltr'>tur</span> <span class='ocrx_word' id='word_1_473' title='bbox 163 2692 212 2731; x_wconf 80' lang='lat' dir='ltr'>foris</span> <span class='ocrx_word' id='word_1_474' title='bbox 228 2699 248 2731; x_wconf 91' lang='lat' dir='ltr'>et</span> <span class='ocrx_word' id='word_1_475' title='bbox 263 2699 340 2730; x_wconf 79' lang='lat' dir='ltr'>arescet</span> <span class='ocrx_word' id='word_1_476' title='bbox 356 2698 377 2729; x_wconf 89' lang='lat' dir='ltr'>et</span> <span class='ocrx_word' id='word_1_477' title='bbox 385 2691 477 2739; x_wconf 81' lang='lat' dir='ltr'>colligent</span> <span class='ocrx_word' id='word_1_478' title='bbox 492 2706 525 2731; x_wconf 83' lang='lat' dir='ltr'>eos</span> <span class='ocrx_word' id='word_1_479' title='bbox 542 2699 563 2731; x_wconf 86' lang='lat' dir='ltr'>et</span> <span class='ocrx_word' id='word_1_480' title='bbox 577 2694 597 2730; x_wconf 93' lang='lat' dir='ltr'>in</span> <span class='ocrx_word' id='word_1_481' title='bbox 608 2693 673 2740; x_wconf 82' lang='lat' dir='ltr'>ignem</span> <span class='ocrx_word' id='word_1_482' title='bbox 680 2692 769 2744; x_wconf 73' lang='lat' dir='ltr'>mittunt,</span> <span class='ocrx_word' id='word_1_483' title='bbox 776 2699 797 2731; x_wconf 88' lang='lat' dir='ltr'>et</span> <span class='ocrx_word' id='word_1_484' title='bbox 804 2692 879 2733; x_wconf 81' lang='lat' dir='ltr'>ardent.</span> 
     </span>
     <span class='ocr_line' id='line_1_47' title="bbox 115 2747 881 2798; baseline -0.001 -10"><span class='ocrx_word' id='word_1_485' title='bbox 115 2754 126 2788; x_wconf 76' lang='lat'><strong>7</strong></span> <span class='ocrx_word' id='word_1_486' title='bbox 144 2747 167 2788; x_wconf 84' lang='lat' dir='ltr'>Si</span> <span class='ocrx_word' id='word_1_487' title='bbox 177 2748 289 2788; x_wconf 78' lang='lat' dir='ltr'>manseritis</span> <span class='ocrx_word' id='word_1_488' title='bbox 305 2749 325 2787; x_wconf 90' lang='lat' dir='ltr'>in</span> <span class='ocrx_word' id='word_1_489' title='bbox 340 2761 371 2787; x_wconf 90' lang='lat' dir='ltr'>me</span> <span class='ocrx_word' id='word_1_490' title='bbox 386 2755 407 2787; x_wconf 88' lang='lat' dir='ltr'>et</span> <span class='ocrx_word' id='word_1_491' title='bbox 422 2748 482 2788; x_wconf 83' lang='lat' dir='ltr'>verba</span> <span class='ocrx_word' id='word_1_492' title='bbox 496 2762 539 2788; x_wconf 80' lang='lat' dir='ltr'>mea</span> <span class='ocrx_word' id='word_1_493' title='bbox 555 2750 575 2787; x_wconf 92' lang='lat' dir='ltr'>in</span> <span class='ocrx_word' id='word_1_494' title='bbox 590 2749 646 2788; x_wconf 81' lang='lat' dir='ltr'>vobis</span> <span class='ocrx_word' id='word_1_495' title='bbox 654 2750 768 2798; x_wconf 78' lang='lat' dir='ltr'>manserint,</span> <span class='ocrx_word' id='word_1_496' title='bbox 782 2749 881 2796; x_wconf 81' lang='lat' dir='ltr'>quodeun-</span> 
     </span>
    </p>
   </div>
   <div class='ocr_carea' id='block_1_3' title="bbox 0 0 940 2914">
    <p class='ocr_par' dir='ltr' id='par_1_4' title="bbox 0 0 940 2914">
     <span class='ocr_line' id='line_1_48' title="bbox 0 0 940 2914; baseline 0 1"><span class='ocrx_word' id='word_1_497' title='bbox 0 0 940 2914; x_wconf 95' lang='lat' dir='ltr'> </span> 
     </span>
    </p>
   </div>
  </div>
 </body>
</html>
