1869 2914
105 89 142 123 110
431 83 466 119 Er.
478 94 514 119 000.
813 84 832 119 C.
846 87 862 119 t.

101 222 147 247 eum
163 209 182 246 in
198 208 243 246 navi
259 217 279 246 et
294 210 361 247 stetim
378 210 417 248 fuit
432 210 487 248 00010
503 211 615 248 00100000]
632 223 689 255 qutun
704 209 765 248 ibant.
786 214 812 248 22
829 211 863 248 Α1-

101 274 143 304 tere
160 265 191 303 die
207 265 265 304 turim
281 279 325 311 0000
341 267 406 305 stabat
422 273 475 305 trans
499 281 551 305 mare
571 266 624 305 vidit
645 267 691 314 quin
713 267 802 305 00010010
825 267 863 305 0110

101 336 138 362 000
155 331 198 360 erat
213 323 241 360 iti
256 323 294 361 nisi
309 337 354 373 nna,
370 331 390 361 et
406 324 451 371 0010
466 338 505 363 000
519 324 622 363 introisset
644 337 688 362 eum
704 324 805 371 discipulis
821 325 862 363 suis

101 380 157 418 [esus
173 380 193 417 in
209 393 278 419 navem
293 381 328 418 sed
343 381 380 418 0011
395 380 487 428 (1100101011
510 382 552 419 0100
575 381 667 428 abissent,
700 385 725 419 23
749 381 793 420 01100
816 395 862 420 vern

100 444 257 484 supervenerunt
272 449 331 475 naves
346 452 358 475 0
373 437 477 476 Tiberiade
498 438 631 476 1000010000]
646 436 681 476 uti
696 438 862 477 manduce-verant

100 508 171 541 panem
185 494 260 542 gratias
275 500 354 542 agentes
370 494 457 534 domino:
488 499 515 533 24
531 508 575 534 enm
590 508 635 541 ergo
650 494 802 535 uidissetturba
817 496 862 543 0010

100 551 158 589 Iesus
173 565 212 590 non
227 560 280 589 esset
295 551 322 589 ibi
338 564 400 599 neque
417 553 508 599 discipuli
523 553 573 602 eius⁷
589 552 719 590 ascenderunt
734 552 861 592 100001001οε

100 617 121 648 et
135 613 232 646 venerunt
247 607 385 655 Gaphnrnnum
400 615 511 655 0000000000
526 608 599 647 Iesum.
631 613 656 646 25
677 608 705 646 Et
720 622 763 647 enm
778 610 862 647 invenis-

98 673 144 704 sent
160 679 203 703 enm
219 674 273 703 trans
289 679 350 712 000οΊ
373 665 466 704 dixerunt
488 666 506 705 ei
520 665 591 714 10010101,
615 665 692 711 quondo
715 666 753 705 hue
775 667 861 705 venisti?

100 728 126 762 20
142 721 253 769 Respondit
267 723 296 760 eis
311 721 367 761 Iesus
383 727 404 760 et
419 723 470 761 dixit
484 724 548 761 Amen
564 735 620 760 nmen
636 723 678 761 dieo
694 723 756 772 vobis⁷
772 724 860 771 qtraeritis

99 794 130 819 nie
145 779 246 826 nonqnin
261 779 345 819 audistis
361 780 422 827 signa,
438 780 473 819 sed
488 781 534 829 0010
549 779 681 818 manducastis
697 791 721 818 ex
743 780 825 826 panibus
841 788 862 818 et

99 837 183 876 saturati
199 837 254 875 estis.
286 838 311 875 27
328 836 443 884 Operamini
458 851 495 876 non
512 837 576 877 citum
591 837 625 884 qui
639 838 697 887 perit,
721 837 755 876 sed
771 838 804 885 qui
819 850 861 884 per-

99 899 165 932 manet
179 895 200 932 10
214 894 276 932 uitem
293 899 393 943 eternum,
409 907 466 939 quem
481 895 533 932 filius
549 894 633 932 hominis
651 894 707 933 vobis
723 894 785 934 dubit:
809 895 860 933 hune

99 952 150 989 enim
166 957 222 996 pater
238 950 323 998 signavit
339 950 393 1004 deus.
425 954 451 988 28
467 951 566 996 Dixerunt
582 963 627 997 ergo
643 950 667 987 ad
683 964 726 988 eum
735 949 788 995 Quid
804 952 861 989 10010-

98 1022 141 1046 mus
156 1015 180 1045 nt
195 1019 299 1054 operemur
314 1020 374 1053 opera
390 1007 438 1045 dei?
469 1012 494 1046 23
519 1005 630 1053 Respondit
645 1006 702 1045 Iesus
724 1015 744 1045 et
766 1008 817 1045 dixit
833 1009 860 1046 eis

99 1066 150 1103 Hoo'
160 1071 191 1103 est
207 1077 255 1110 opus
271 1064 304 1102 dei
318 1073 342 1102 00
357 1065 443 1102 credetis
458 1064 478 1103 in
495 1078 539 1102 eum
559 1077 616 1111 quem
631 1065 685 1102 misit
706 1064 745 1103 1110.
777 1069 803 1103 30
826 1065 861 1103 Di·

98 1129 169 1161 nerunt
185 1134 230 1169 ergo
247 1122 266 1160 ei
282 1118 340 1167 Quod
355 1134 401 1168 ergo
417 1128 440 1160 00
455 1121 504 1160 fatis
519 1123 596 1169 signum
610 1128 633 1159 00
643 1121 744 1160 videamus
760 1128 780 1160 et
795 1122 860 1160 ereda-

97 1193 140 1218 mus
156 1179 206 1217 tibi?
222 1179 270 1225 qnid
285 1179 388 1226 opereris?
419 1183 443 1217 3]
467 1178 538 1217 Patres
560 1179 623 1217 nostri
641 1192 711 1217 manno
733 1179 860 1217 0000100000-

97 1244 144 1275 runt
159 1237 180 1274 in
196 1236 281 1286 01000000,
305 1236 357 1275 sient
372 1236 468 1283 seriptum
484 1242 514 1274 est
529 1235 603 1273 Panem
626 1236 649 1273 de
665 1236 712 1274 00010
736 1236 808 1274 dedisti
831 1237 860 1274 eis

97 1294 221 1333 manducare.
254 1298 279 1333 32
295 1294 353 1333 Dixit
368 1307 414 1342 ergo
430 1294 458 1333 eis
473 1292 530 1332 Iesus
539 1293 603 1332 Amen
619 1307 675 1332 amen
690 1293 733 1332 dieo
744 1292 860 1343 0010101100

97 1352 177 1397 Moyses
193 1351 249 1390 dedit
263 1352 318 1391 nobis
334 1364 403 1398 panem
420 1352 443 1390 de
460 1351 514 1402 celo,
540 1351 574 1389 sed
597 1358 654 1397 peter
678 1365 732 1389 mens
756 1352 790 1389 det
804 1351 860 1390 uobis

96 1423 165 1456 penem
182 1409 205 1447 de
221 1409 268 1447 eaeio
284 1422 358 1449 verum.
391 1413 415 1448 33
432 1408 494 1447 Panis
510 1409 560 1446 enim
577 1408 608 1446 dei
624 1414 655 1447 est
670 1409 703 1456 qui
718 1408 820 1447 deseendit
835 1409 859 1447 de

97 1467 144 1506 eaeIo
160 1475 180 1505 et
195 1466 229 1504 dnt
243 1467 305 1506 uitem
320 1467 398 1505 mundo.
430 1469 456 1505 st
486 1466 586 1504 Dinerunt
605 1479 650 1513 ergo
668 1466 693 1504 ad
708 1480 752 1504 enm
767 1466 857 1515 Domine,

98 1537 175 1579 semper
190 1524 215 1562 da
230 1524 285 1563 nobis
302 1537 371 1571 panem
386 1524 444 1562 huno.
476 1529 501 1562 st
532 1523 590 1561 Dixit
612 1531 677 1562 antem
700 1524 728 1562 eis
744 1523 800 1563 Iesus
816 1523 858 1571 Ego

96 1596 140 1621 sum
155 1582 211 1630 penis
227 1582 286 1620 vitae:
310 1582 344 1628 qni
358 1583 413 1621 venit
435 1581 459 1619 ed
481 1595 512 1620 me
535 1594 574 1619 000
593 1582 674 1631 esuriet,
697 1582 731 1630 001
753 1581 816 1620 eredit
838 1582 858 1620 10

96 1652 126 1678 me
142 1653 181 1677 nou
196 1640 252 1678 010100
266 1652 359 1685 unquam.
391 1644 416 1678 36
441 1638 480 1677 Sed
496 1638 537 1676 dixi
558 1638 613 1677 vobis
630 1639 675 1685 0010
690 1645 711 1678 00
733 1639 811 1678 vidistis
827 1653 857 1678 me

96 1706 116 1735 00
131 1711 170 1736 000
185 1697 272 1735 creditis.
304 1698 330 1735 37
347 1695 410 1736 Omne
425 1696 478 1742 qnod
493 1696 528 1734 (100
542 1696 592 1734 mihi
606 1704 663 1743 peter
678 1697 703 1734 nd
710 1710 740 1735 me
756 1697 828 1747 veniet,
837 1704 857 1735 et

96 1768 139 1793 eum
156 1754 190 1803 qui
204 1754 259 1792 venit
274 1754 299 1793 ed
313 1767 344 1793 me
359 1767 398 1793 nou
415 1754 493 1792 eiioiam
517 1753 577 1804 foros,
609 1758 634 1792 38
658 1754 704 1802 0010
719 1754 810 1793 desoendi
833 1754 857 1793 de

96 1813 144 1851 ceto
159 1825 198 1850 000
213 1824 236 1850 00
251 1811 322 1850 faeiem
336 1811 458 1851 voluntatem
480 1824 543 1850 meam
565 1811 600 1850 sed
618 1811 740 1851 voluntatem
759 1812 801 1850 eins
823 1813 857 1858 qut

95 1870 150 1907 misit
164 1882 201 1907 me,
235 1873 259 1907 :to
277 1869 328 1908 Heeo
343 1876 374 1908 est
389 1876 456 1907 antem
470 1869 560 1907 00100000
576 1869 617 1907 eius
634 1870 668 1915 qui
681 1869 737 1907 misit
746 1882 777 1907 me
787 1869 855 1919 patris,

94 1936 118 1965 ut
133 1940 189 1965 omne
205 1926 257 1973 quod
273 1926 328 1965 dedit
342 1927 392 1965 miti
412 1939 450 1964 nou
473 1925 553 1972 perdam
578 1939 602 1964 ex
627 1939 656 1976 eo,
682 1926 717 1964 sed
741 1927 856 1975 resuscitem

95 1984 144 2022 iliud
159 1984 180 2021 in
191 1984 299 2022 novissimo
315 1984 353 2022 die.
384 1986 411 2021 40
428 1982 478 2021 Haee
494 1988 524 2021 est
535 1983 585 2021 enirn
595 1983 686 2021 00100000
696 1984 758 2031 petris
769 1984 808 2022 mei
823 1985 857 2030 qui

95 2041 150 2079 misit
165 2053 202 2085 me,
222 2048 252 2088 ut
261 2040 323 2080 omnis
339 2041 373 2088 qui
387 2040 443 2079 ridet
457 2039 518 2078 filium
534 2046 554 2079 et
569 2040 632 2079 eredit
646 2041 667 2079 10
682 2054 727 2079 enm
741 2041 814 2081 hebent
829 2041 856 2079 01-

95 2106 136 2137 tam
158 2106 259 2148 00000000,
280 2105 299 2137 et
322 2098 443 2138 resuseitnbo
466 2111 501 2146 ego
524 2111 567 2136 eum
590 2099 611 2136 in
633 2099 738 2137 novissimo
759 2099 797 2138 die.
828 2102 852 2137 41

94 2154 480 2205 110000000000000010010010101110,
503 2155 548 2204 quit
570 2156 654 2194 dixisset
675 2157 717 2203 Ego
741 2169 785 2195 sum
799 2157 855 2202 panis

95 2214 167 2261 quide
184 2213 231 2253 coelo
251 2214 348 2260 descendi,
379 2216 406 2251 42
432 2221 452 2251 00
477 2213 569 2252 dicebant
592 2212 662 2252 Nonne
687 2213 720 2251 hie
742 2220 773 2252 000
798 2213 854 2252 Iesus

94 2270 241 2319 11110010εο00,
265 2272 370 2309 00100000
387 2270 475 2309 novimus
498 2277 574 2317 patrem
597 2278 618 2308 et
638 2273 737 2309 matrem?
759 2271 854 2319 quomodo

94 2341 139 2377 ergo
155 2328 205 2367 dieit
219 2328 252 2367 hio
267 2329 313 2376 0010
328 2328 351 2366 de
367 2328 415 2366 eaelo
431 2328 549 2366 deseendit?
569 2331 595 2366 13
611 2328 722 2375 Respondit
737 2341 782 2376 ergo
797 2327 854 2367 Iesus

94 2392 115 2424 et
129 2386 180 2424 dixit
196 2388 224 2424 eis
239 2385 306 2425 Nolite
322 2399 444 2424 murmurare
459 2385 478 2423 in
494 2386 583 2425 inuitem¹
614 2389 641 2424 44
665 2385 727 2425 Nemo
743 2391 809 2432 potest
823 2400 855 2425 00-

93 2444 135 2482 nire
151 2444 176 2482 nd
191 2457 221 2482 me
237 2444 275 2482 nisi
290 2450 347 2490 pnter
362 2443 396 2489 qni
411 2443 466 2481 misit
479 2456 510 2481 me
526 2444 610 2481 traxerit
625 2457 675 2491 enm,
692 2450 712 2481 et
727 2456 761 2490 ego
772 2445 863 2482 resuset:

93 2501 138 2539 tabo
155 2501 234 2539 eumin
249 2501 355 2539 novissimo
372 2500 409 2540 die.
440 2503 466 2538 45
490 2499 528 2539 1100
552 2501 648 2548 seriptum
669 2501 690 2539 in
708 2501 811 2548 prophetis
826 2501 854 2540 Et

93 2567 152 2597 erunt
167 2571 233 2597 omnes
249 2558 342 2597 docibiles
359 2558 397 2596 dei.
428 2556 497 2598 Omnis
512 2559 546 2605 qui
561 2558 638 2597 audivit
653 2571 664 2596 0
679 2565 735 2605 patre
750 2564 770 2597 et
783 2558 853 2597 didicit

92 2616 147 2653 00010
162 2616 186 2654 ad
201 2629 239 2655 me.
270 2619 296 2654 et
320 2615 366 2654 Non
381 2617 517 2662 0010000001
539 2616 591 2654 uidit
606 2616 767 2662 quisqnam'nisi
786 2616 853 2662 isqui

93 2679 124 2710 est
139 2687 150 2710 0
166 2673 208 2724 deo3
232 2673 265 2711 hio
279 2673 331 2711 vidit
345 2678 427 2719 putrem.
458 2676 485 2711 tt
509 2674 574 2712 Amen
589 2687 645 2712 01000
670 2672 713 2712 dieo
734 2673 797 2720 votis,
813 2671 853 2719 Qut

92 2729 191 2768 00011010
206 2744 236 2768 me
251 2731 312 2770 habet
333 2732 394 2769 vitem
410 2737 510 2770 aeternnm.
541 2735 567 2769 ts
591 2731 633 2778 Ego
656 2743 699 2769 sum
719 2731 775 2777 00010
797 2732 851 2770 01000.
