1837 2928
65 53 86 89 G.
99 51 116 87 5.
431 51 478 88 Luc.
798 54 809 93 7
813 59 823 92 3

64 185 122 218 erant
135 180 156 218 in
172 179 210 217 alia
224 180 270 217 navi
284 184 307 217 ut
322 180 412 218 venirent
427 185 448 218 et
463 180 580 218 adiuvarent
595 193 639 221 ecs:
657 185 782 220 etvenerunt
797 184 824 230 et,

63 236 194 283 impleverunt
210 236 275 274 ambas
290 236 390 274 naviculas
405 237 434 275 ita
449 242 473 275 ut
494 249 544 284 pene
567 243 707 283 mergerentur.
739 241 750 275 8
774 235 824 275 (lum

64 293 142 332 videret
156 298 222 331 autem
230 291 299 331 Simon
306 293 386 339 Petrus,
402 293 488 340 procidit
503 294 528 331 ad
543 293 603 340 pedes
610 292 658 332 Iesu
673 294 738 332 dicens
747 292 788 332 Oro
804 299 824 331 te

64 351 96 388 exi
111 364 123 388 a
137 363 174 399 mc,
191 350 275 400 domine,
291 350 337 396 quia
351 350 409 389 homo
424 358 516 397 peccator
531 363 580 389 sum.
606 354 616 388 9
633 349 707 397 Stupor
722 351 773 389 enim
788 351 824 389 cir·

64 406 191 445 cumdederat
205 420 250 444 eum
266 412 287 445 et
302 419 368 445 omnes
384 407 418 452 qui
434 419 477 446 cum
492 407 526 446 illo
543 413 599 445 erant
613 406 634 445 in
650 412 731 453 captura
740 407 825 453 piscium

64 476 123 509 quam
146 470 244 511 ceperant,
277 467 303 502 10
326 462 418 502 similiter
440 468 506 502 autem
521 463 605 503 Iacobus
625 468 646 502 ct
667 463 765 502 Iohannes
788 463 825 501 filii

63 520 162 569 Zebedaei,
179 521 227 558 socii
242 519 335 559 Simonis:
350 519 379 558 Et
393 520 444 558 dixit
459 520 484 558 ad
498 520 598 559 Simonem
612 520 669 559 lesus
684 520 732 559 Noli
747 520 824 565 timere,

63 579 103 615 iam
118 591 142 615 ex
156 577 194 616 hoe
209 578 248 616 eris
262 578 352 616 homines
368 578 453 624 capiens.
485 580 508 615 11
536 577 561 616 111
579 577 681 616 subductis
704 577 729 615 ad
751 582 824 615 terram

63 634 151 684 navibus,
168 634 301 680 relinquentes
317 634 381 672 omnia
396 635 460 673 secuti
475 639 521 674 sunt
536 647 587 672 eum.
619 639 644 672 12
660 633 688 672 111
702 634 778 674 factum
794 639 825 671 111

64 704 108 729 cum
123 696 176 729 esset
190 692 211 729 in
226 705 266 729 una
280 703 305 729 ex
321 690 441 741 civitatibus,
457 695 477 729 et
493 704 537 729 ecce
547 692 579 730 vir
588 690 644 738 lepra
653 691 733 737 plenus:
750 690 823 737 etipse

63 748 166 794 procidens
181 760 241 794 super
255 748 326 785 faciem
341 760 396 785 suam
413 748 530 793 deprecatur
545 761 590 785 eum
605 747 678 797 dicens,
701 748 718 786 si
737 747 824 786 volueris

63 804 153 852 Domine,
179 810 235 850 potes
258 817 288 842 1111
303 804 404 844 mundare.
436 808 460 842 13
491 802 520 842 111
542 803 649 842 extendens
664 817 742 842 manum
757 803 826 850 tetigit

63 874 108 899 eum
124 860 190 898 dicens
205 859 264 911 Volo,
279 860 379 899 mundare.
409 860 437 898 111
460 861 551 899 continuo
571 860 626 908 lepra
641 861 733 899 discessit
747 859 772 898 ab
794 873 824 897 eo.

65 919 90 955 11
106 916 134 955 111
148 911 193 964 ipse
205 917 301 964 praecepit
317 916 352 955 illi
367 922 390 955 ut
404 918 478 955 nemini
493 917 575 968 diceret,
590 917 625 955 sed
640 917 720 956 vadens
743 916 825 955 ostende

63 981 83 1012 te
98 974 203 1023 sacerdoti,
220 980 240 1011 11
255 974 303 1012 offer
317 987 388 1012 munus
403 988 438 1021 pro
454 974 593 1012 emundacione
609 980 644 1012 tua
662 974 714 1012 sicut
728 974 825 1020 praecepit

62 1030 149 1077 Moyses,
165 1035 188 1069 ut
210 1031 232 1068 111
247 1031 267 1069 111
282 1031 418 1069 testimonium
432 1031 488 1070 vobis
503 1031 563 1070 istud¹
589 1035 613 1069 15
630 1030 774 1078 Divulgabatur
789 1043 823 1067 au-

62 1094 103 1125 tem
118 1087 142 1125 de
158 1101 180 1125 eo
196 1100 266 1136 sermo,
282 1091 303 1125 11
318 1087 460 1126 conveniebant
474 1087 538 1126 turbae
553 1082 621 1126 multae
640 1088 707 1126 audire
723 1093 744 1125 et
758 1087 824 1125 curari

63 1143 87 1182 ab
102 1144 249 1182 infirmitatibus
265 1144 316 1182 suis:
334 1148 359 1182 11
375 1145 418 1190 ipse
434 1152 499 1182 autem
515 1144 597 1182 sedebat
615 1145 636 1182 in
652 1144 730 1182 deserto
746 1148 767 1182 et
782 1156 823 1181 ora·

62 1200 104 1239 bat.
128 1202 154 1238 17
177 1200 205 1238 Et
219 1200 340 1238 factumest
354 1201 375 1238 in
389 1214 429 1238 una
448 1201 525 1239 dierum
547 1202 590 1247 ipso
613 1201 702 1250 docente,
728 1206 748 1238 et
768 1204 825 1238 erant

62 1256 162 1295 Pharisaei
184 1256 275 1296 sedentes
298 1262 319 1294 et
340 1256 389 1304 legis
409 1257 505 1307 doctores,
529 1258 563 1304 qui
584 1257 704 1296 advenerant
727 1268 751 1294 ex
771 1256 824 1294 omni

63 1313 143 1352 castello
160 1312 249 1352 Galilaeae
265 1318 285 1351 et
299 1312 375 1352 Iadaeae
391 1319 411 1352 11
425 1313 540 1361 Ierusalem,
564 1320 584 1352 et
598 1314 662 1352 virtus
685 1319 728 1352 erat
750 1312 824 1351 domini

62 1376 86 1419 ut
100 1375 178 1408 curaret
194 1382 233 1408 eos.
265 1374 290 1408 18
316 1369 344 1408 Et
359 1383 403 1408 ecoe
418 1371 457 1408 viri
471 1371 558 1409 ferentes
573 1371 594 1409 in
609 1370 659 1409 lecto
675 1371 774 1409 hominem
789 1370 824 1415 qui

62 1432 105 1465 erat
119 1426 247 1477 paralyticus,
268 1432 288 1465 et
303 1426 417 1474 quaerebant
439 1427 513 1465 inferre
535 1426 590 1465 illum
613 1432 633 1465 et
647 1438 729 1474 ponere:
755 1430 779 1464 19
804 1433 825 1463 11

5 1498 7 1503 ’
61 1496 100 1522 non
115 1484 238 1522 invenientes
253 1496 292 1530 qua
306 1489 362 1530 parte
377 1484 433 1521 illum
448 1485 545 1522 inferrent
562 1496 603 1530 prae
614 1484 678 1532 turba,
695 1483 824 1521 ascendentes

61 1553 97 1587 per
112 1546 187 1578 tect-um
201 1553 236 1586 per
251 1539 327 1586 tegulas
342 1541 483 1578 summiserunt
497 1540 552 1578 illum
567 1542 587 1578 in
602 1541 666 1578 medio
683 1551 727 1578 cum
742 1539 824 1586 grabato

62 1602 107 1635 ante
122 1593 197 1637 Iesum.
228 1600 255 1634 20
279 1595 377 1642 Quicum
391 1596 475 1635 vidisset
489 1597 547 1635 fidem
569 1597 654 1648 illorum,
676 1597 727 1635 dixit
742 1596 822 1644 homini,

61 1653 197 1691 Dimittuntur
211 1653 248 1691 tibi
262 1659 343 1699 peccata
358 1659 398 1691 tua.
429 1658 455 1691 21
486 1654 515 1691 Et
529 1660 637 1701 coeperunt
651 1654 737 1700 cogitare
752 1652 824 1691 scribae

62 1715 82 1748 et
97 1709 196 1747 Pharisaei
211 1709 299 1747 dicentes
314 1710 335 1747 in
350 1709 441 1748 cordibus
456 1710 498 1747 suis
514 1708 563 1755 Quis
579 1716 610 1748 est
624 1709 657 1748 hio
680 1710 714 1757 qui
735 1709 825 1756 loquitur

61 1766 208 1813 blasphemias?
233 1766 277 1813 quis
301 1770 368 1813 potest
392 1772 472 1813 peccata
494 1766 595 1805 dimittere
617 1767 656 1805 nisi
678 1766 731 1806 solus
762 1766 825 1804 deus?

63 1828 89 1860 22
120 1821 208 1869 Cognitis
231 1829 297 1860 autem
311 1822 368 1861 iesus
391 1823 544 1869 cogitationibus
567 1836 640 1872 eorum,
667 1823 718 1861 dixit
740 1823 765 1861 ad
790 1835 823 1860 eos

62 1878 116 1925 Quid
131 1878 222 1926 cogitatis
237 1878 288 1917 mala
303 1880 324 1917 in
339 1878 430 1918 cordibus
445 1880 531 1918 vestris?
563 1884 588 1918 23
616 1878 669 1925 Qirid
691 1887 723 1918 est
745 1878 822 1917 facilius

62 1936 127 1974 dicere
137 1936 272 1975 Dimittuntur
286 1935 324 1976 tibi
338 1942 418 1982 peccata
437 1941 478 1986 tua,
495 1942 529 1974 aut
545 1937 609 1975 dicere
618 1936 680 1983 Surge
696 1942 717 1974 et
732 1935 823 1975 ambula?

62 1994 89 2030 24
111 1992 140 2032 Ut
155 1992 222 2031 sciatis
238 1998 305 2032 autem
329 1993 420 2039 quoniam
441 1998 561 2039 potestatem
582 1993 644 2031 habet
665 1993 717 2031 filius
738 1992 824 2030 heminis

62 2062 121 2095 super
137 2055 209 2087 terram
224 2055 305 2095 peccata
320 2049 426 2098 dimittere,
444 2050 496 2088 dixit
510 2050 619 2096 paralytico
637 2049 683 2089 Tibi
698 2050 742 2089 dico
758 2062 823 2099 surge,

62 2105 109 2144 tolle
124 2105 227 2151 grabatum
241 2110 298 2143 tuum
314 2112 334 2143 et
348 2107 397 2144 vade
412 2107 433 2144 in
448 2106 527 2145 domum
543 2118 603 2145 tuam.
634 2111 660 2145 25
687 2106 716 2144 Et
730 2106 823 2144 contiuuo

62 2162 148 2201 surrexit
163 2173 228 2200 coram
243 2162 291 2208 ipsis
307 2168 328 2200 11
343 2162 420 2200 sublato
435 2162 516 2209 grabato
531 2163 552 2201 111
571 2175 608 2211 quo
624 2163 708 2214 iacebat,
731 2163 781 2202 abiit
803 2162 823 2200 in

62 2219 141 2257 domum
156 2231 211 2257 suam
226 2218 351 2265 magnificans
366 2219 431 2258 deum.
448 2224 474 2258 21
490 2219 518 2258 111
532 2233 594 2267 pavor
609 2219 739 2267 apprehendit
749 2230 823 2265 omnes,

61 2282 83 2315 et
97 2274 246 2322 magnificabant
261 2275 327 2313 deum:
345 2281 366 2313 et
380 2276 451 2314 timore
466 2277 538 2323 repleti
553 2283 606 2324 sunt,
623 2277 710 2315 dicentes
726 2273 823 2321 Quoniam

61 2333 146 2373 vidimus
162 2332 260 2371 mirabilia
274 2332 339 2370 hodie.
367 2333 393 2371 37
409 2332 438 2371 Et
458 2334 563 2380 posthaec
579 2334 628 2372 exiit
642 2333 699 2372 Iesus
715 2338 735 2371 et
746 2332 823 2379 aspexit

61 2389 186 2438 publicanum
202 2389 279 2427 nomine
294 2388 344 2427 Levi
359 2389 459 2428 sedentem
479 2390 504 2428 ad
518 2390 624 2441 teloneum,
648 2396 668 2428 et
683 2390 734 2428 dixit
756 2387 824 2428 1181-

62 2460 121 2495 quere
136 2459 174 2485 me.
204 2450 230 2484 28
246 2445 274 2484 111
289 2445 375 2484 dimissis
390 2446 480 2485 omnibus
495 2448 582 2486 surrexit
597 2453 618 2486 et
632 2452 711 2486 secutus
727 2451 823 2484 11111111,

62 2508 88 2542 29
105 2503 196 2542 11111111
211 2503 229 2542 ei
244 2503 322 2550 epulum
338 2516 428 2550 magnum
443 2502 493 2543 Levi
507 2505 528 2543 in
543 2505 600 2543 domo
616 2518 658 2554 sua,
673 2509 693 2542 et
708 2508 751 2541 erat
766 2502 824 2541 turba

61 2574 131 2608 magna
144 2560 294 2607 publicanorum
309 2564 329 2598 et
344 2560 427 2598 aliorum
442 2560 476 2607 qui
495 2572 539 2599 cum
555 2563 583 2600 eis
599 2567 656 2600 erant
671 2559 823 2599 discumbentes.

63 2623 88 2657 39
105 2617 203 2656 Pharisaei
219 2623 285 2656 autem
301 2622 321 2655 et
335 2616 407 2656 scribae
430 2630 498 2656 eorum
520 2618 669 2657 murmurabant
690 2614 778 2656 dicentes
800 2617 825 2655 ad

62 2675 169 2722 discipulos
185 2676 227 2714 eius
244 2673 310 2721 Quare
326 2687 370 2713 cum
384 2674 495 2721 publicanis
517 2684 538 2714 et
559 2674 696 2723 peccatoribus
719 2674 825 2714 manducat

62 2738 83 2771 11
97 2732 164 2771 bibit?
196 2737 220 2770 31
245 2733 273 2771 Et
287 2731 407 2779 respondens
422 2731 480 2771 Iesus
496 2733 547 2771 dixit
570 2732 594 2771 ad
609 2732 653 2771 illos
667 2731 714 2772 Non
730 2738 761 2771 est
776 2745 825 2779 opus
