1869 2914
82 101 121 135 121
428 96 463 131 Ev.
477 107 513 131 sec.
741 99 761 133 O.
775 102 802 132 11.
818 101 846 132 12.

80 221 104 258 ad
113 220 225 260 Pharisaeos
242 229 262 259 et
278 221 370 260 dixerunt
386 223 414 261 eis
430 223 531 271 quaefeeit
545 222 609 261 Iesus.
629 225 655 260 47
666 222 845 271 Collegeruntergo

79 278 177 324 principes
188 278 312 317 sacerdot-um
323 285 344 317 et
353 279 451 318 Pharisaei
470 279 573 318 concilium
585 286 605 317 11
618 280 709 319 dicebant
718 278 772 326 Quid
785 281 844 319 facic-

80 348 130 384 11111,
140 335 191 382 (pucd
199 336 232 374 hic
241 337 299 374 homo
310 336 357 373 talia
367 337 423 383 signa
436 337 499 374 facit?
515 338 540 373 ts
558 335 579 373 Si
589 336 741 382 relinquerimus
752 351 797 376 eum
807 338 842 384 sio,

81 405 146 430 ornnes
163 392 244 431 credent
258 393 277 430 in
294 406 344 441 eum,
366 400 386 431 et
401 394 481 432 venient
495 392 580 431 Romani
596 399 616 431 et
630 393 700 431 tollent
710 394 766 432 nabis
781 394 845 432 locum

80 456 101 487 et
115 452 243 496 1111111119
259 449 316 488 Unus
332 455 398 487 autem
414 462 438 488 cx
453 451 508 497 ipsis,
525 448 716 500 Ulia-iphusnomine5
733 464 777 489 eum
792 457 845 489 esset

81 507 170 553 pontifex
187 507 232 544 anni
248 505 308 555 illius,
325 506 377 544 dixu
391 506 430 545 illis
448 507 488 546 Vos
504 507 585 545 nescitis
595 507 717 559 quidquam,
735 511 761 546 50
781 520 845 554 neque

81 564 172 611 capitatis
188 564 233 610 quia
249 563 329 609 expedit
345 563 399 602 nobis
416 571 438 602 nt
452 578 502 602 unns
517 564 722 611 moriaturhomcpro
736 564 808 611 populo
824 571 844 602 et

80 634 118 659 uon
134 627 177 658 tot-a
191 632 238 666 gens
253 626 328 666 pereat.
360 625 382 658 5]
417 620 461 659 Hoc
477 627 542 659 autem
562 622 694 667 asemetipso
709 634 748 659 non
767 620 845 660 dicebat

80 678 114 715 sed
130 689 173 714 cum
189 684 243 714 esset
257 678 348 724 pontifex
364 679 412 715 anni
435 677 494 727 illius,
520 677 647 723 prophetavit
670 678 715 725 quia
738 677 845 724 incipiebat
872 701 874 704 ·

80 733 136 772 lesus
152 734 202 771 mori
216 746 252 780 pro
268 739 333 783 pente³
365 739 391 772 52
417 741 438 772 et
456 748 494 773 non
518 739 595 772 tantum
616 747 652 780 pro
674 741 738 783 gente,
764 736 799 773 sed
821 740 843 772 ut

80 791 131 829 tilios
147 791 178 829 dei
195 792 229 838 qui
244 791 329 837 dispersi
345 797 401 830 eraut
416 791 555 839 colligerentur
569 793 589 830 in
605 805 671 829 unum.
703 796 728 830 53
752 791 785 830 Ab
810 791 844 829 illo

82 861 126 895 ergo
143 848 175 886 die
190 848 326 895 cogitaverunt
339 848 403 887 ludaei
417 855 440 886 ut
454 849 588 887 interficerent
603 862 653 886 eum.
685 852 711 887 54
727 848 783 887 lesus
799 862 845 896 ergo

82 909 121 943 iam
138 919 175 943 non
190 906 211 942 in
226 905 289 950 palum
305 904 417 943 ambulabat
433 906 484 951 apud
499 905 584 954 Iudaeos,
601 905 636 943 sed
652 905 700 943 abiit
716 907 735 943 iu
745 906 844 953 regionem

82 964 137 1000 iuxta
153 962 260 1010 desertum7
283 962 303 999 iu
319 962 419 999 civitatem
440 975 484 1008 quae
507 963 580 1000 dicitur
594 961 674 1010 Effrem
699 970 718 1000 ot
740 962 768 1001 ibi
783 976 847 1001 mora·

80 1019 139 1057 batur
155 1032 198 1056 cum
214 1018 316 1065 discipulis
328 1019 375 1055 suis.
393 1023 418 1056 55
435 1018 500 1065 Prope
516 1024 580 1056 autem
592 1025 634 1056 erat
644 1018 844 1069 paschaludaecrum

82 1075 210 1114 asconderunt
227 1088 272 1122 ergo
287 1075 346 1113 multi
361 1076 381 1113 in
390 1074 524 1114 ierosolimam
542 1075 565 1113 de
581 1075 659 1123 regione
670 1075 703 1113 illa
711 1082 756 1114 ante
763 1076 843 1123 pascha,

81 1142 103 1171 11
118 1133 245 1179 purificarent
259 1134 381 1178 semetipsos.
409 1137 433 1171 5ss
451 1131 572 1178 Quaerebant
587 1146 631 1180 ergo
640 1132 713 1184 iesum
722 1133 844 1179 etcolloqne·

80 1190 152 1228 bantur
167 1190 191 1227 ad
207 1189 289 1227 invicem
306 1189 326 1227 iu
341 1188 415 1237 templo
431 1194 506 1228 stantes
522 1196 542 1228 et
553 1189 735 1240 dicentesPutatis
751 1191 843 1236 ‹prianon

81 1248 105 1285 ad
125 1247 176 1285 diem
200 1246 273 1284 testum
291 1247 360 1284 veuit?
399 1246 502 1285 Dederant
524 1254 590 1285 autem
605 1248 703 1294 principes
719 1247 843 1285 sacerdotum

81 1311 101 1342 et
115 1304 214 1341 Pharisaei
229 1309 350 1349 praeceptum
375 1313 398 1341 11
414 1304 430 1341 si
447 1304 490 1350 quis
506 1304 632 1350 cognovisset
653 1304 844 1354 1111111111,11111-
866 1328 867 1331 =

81 1361 169 1399 dicarent
184 1367 204 1397 et
219 1359 407 1406 comprehenderem
422 1373 472 1398 eum.
528 1390 533 1399 .,

137 1414 183 1460 lili.
216 1416 299 1456 llesus
315 1430 360 1463 ergo
377 1424 421 1456 aute
437 1430 472 1456 sex
487 1418 529 1456 dies
544 1417 623 1465 paschae
641 1418 732 1456 venitin
747 1417 843 1456 Betliani·
885 1441 887 1443 >

82 1488 118 1520 am,
147 1475 182 1513 ubi
201 1480 250 1512 'erat
272 1474 361 1511 Lazarus
385 1487 441 1521 quem
464 1475 569 1513 suscitavit
590 1483 695 1513 mortuum.
727 1479 739 1511 2
764 1474 791 1512 Et
816 1475 842 1512 fe

81 1539 150 1570 cerunt
175 1531 193 1569 ei
219 1543 292 1568 ozenam
317 1531 352 1580 ibi,
375 1539 395 1569 et
420 1531 500 1568 Martha
522 1530 647 1569 ministrabat
671 1533 695 1580 ei,
722 1538 742 1568 11
756 1530 843 1569 Lazarus

80 1602 130 1626 rinus
157 1596 199 1626 erat
215 1599 239 1625 11
254 1587 421 1626 discumbentibus
437 1600 480 1626 cum
496 1588 549 1626 Iesu.
582 1592 591 1625 3
614 1588 679 1626 Maria
699 1600 744 1634 ergo
767 1589 844 1634 accepit

80 1646 149 1684 libram
172 1645 265 1691 unguenti
288 1645 355 1690 pistici
377 1645 460 1692 pretiosi
486 1651 506 1683 et
530 1647 588 1684 unxit
614 1645 673 1690 pedes
695 1645 742 1683 lesu
765 1651 785 1683 et
810 1658 844 1683 cx·

80 1704 138 1740 tersit
154 1701 229 1750 capillis
245 1702 285 1739 suis
301 1702 361 1749 pedes
377 1702 425 1747 eius,
449 1708 469 1739 11
493 1701 560 1740 domus
583 1701 659 1747 repleta
684 1708 715 1739 est
732 1701 791 1740 odore
808 1715 843 1739 un·

79 1759 152 1807 guenti.
170 1762 182 1797 1
198 1759 226 1797 Et
241 1759 292 1796 dixit.
306 1772 357 1797 unus
373 1773 397 1797 11
412 1759 514 1805 discipulis
530 1760 572 1797 eius
587 1758 647 1797 Indus
656 1758 723 1797 Simon
732 1757 841 1808 Scariothes,

80 1818 113 1864 qui
128 1816 235 1863 incipiebat
250 1828 294 1854 euru
314 1817 398 1855 tradere.
423 1821 433 1853 5
458 1815 523 1861 Quare
539 1817 576 1855 hoe
591 1822 712 1863 unguentum
727 1829 765 1854 non
780 1816 843 1854 veniit-

81 1874 165 1913 denariis
181 1874 274 1911 trecentis
290 1879 310 1911 et
326 1873 392 1911 datum
408 1879 438 1912 est
453 1872 590 1920 pauperibus?
622 1878 632 1911 6
649 1870 693 1911 Η11
709 1879 775 1911 autem
790 1870 842 1912 dixit-

80 1946 117 1970 uon
134 1931 185 1978 utiod
201 1930 224 1968 de
240 1930 359 1977 pauperibus
375 1942 422 1968 cura
437 1929 466 1968 illi
485 1936 543 1979 esset,
570 1930 605 1974 sed
628 1931 674 1976 quia
695 1929 728 1967 fur
750 1934 799 1979 erat,
822 1935 841 1967 et

80 1989 153 2026 loculos
169 1987 255 2025 habebat
270 1993 290 2025 ct
306 2000 350 2033 qum
365 1986 495 2025 mittebantur
511 1987 619 2027 auferebat.
652 1991 662 2025 7
679 1986 736 2025 Dixit
751 1999 797 2034 ergo
812 1986 842 2024 1111

80 2045 137 2084 lesus
148 2044 234 2083 Dimitte
250 2044 309 2095 illam,
332 2050 355 2081 ut
375 2044 395 2082 in
418 2044 469 2082 diem
492 2045 600 2091 sepulturae
624 2057 673 2082 meae
695 2049 762 2082 servet
781 2043 844 2081 iltudz.

82 2107 92 2140 S
108 2115 205 2149 pauperes
221 2102 271 2139 enim
288 2114 364 2148 semper
379 2102 457 2140 habetis
472 2102 578 2154 vobiscum,
595 2116 625 2141 me
641 2107 706 2140 autem
717 2114 755 2140 non
766 2113 842 2147 semper
878 2110 880 2113 ·

80 2161 184 2199 habebitis.
217 2164 227 2197 1
263 2160 283 2197 lt
302 2158 842 2205 111111111111111111111111111111111111111111

80 2217 144 2268 iesus³
167 2226 188 2255 11
202 2222 299 2255 venerunt
314 2230 351 2254 non
374 2222 455 2264 propter
470 2216 535 2256 lesum
557 2217 627 2268 solum,
650 2215 685 2255 sed
707 2221 730 2254 11
744 2215 841 2254 Lazarum

79 2275 170 2314 viderent
181 2288 238 2321 quem
247 2274 351 2313 suscitavit
361 2287 371 2311 a
380 2274 469 2315 mortuis.
481 2278 505 2313 10
520 2274 662 2323 Cogitaveruut
670 2273 841 2320 autemprincipes

80 2332 203 2371 sacerdotum
219 2339 241 2370 11
256 2330 380 2370 1111111111
395 2331 533 2382 11111111111111
556 2337 579 2371 11
597 2334 643 2380 quia
655 2331 713 2369 multi
727 2330 840 2368 Iudaeorum

79 2396 160 2437 propter
175 2389 229 2427 illum
245 2389 301 2427 ibunt
315 2396 336 2426 et
350 2389 456 2427 credebant
470 2390 490 2427 in
504 2389 578 2429 lesum.
604 2395 628 2428 12
645 2389 714 2426 Altera
730 2388 761 2425 die
776 2387 840 2425 turbae

79 2448 146 2486 multoe
162 2459 206 2495 qum
221 2446 515 2492 11111111111111111111111,
541 2461 585 2485 cum
606 2447 708 2485 audissent
730 2443 840 2492 quiaIesus

79 2506 134 2544 venit
148 2504 290 2553 ierosolimam
325 2507 348 2540 13
365 2509 482 2550 acceperunt
497 2505 535 2544 sibi
551 2519 615 2544 ramos
630 2503 739 2551 palmarum
755 2509 775 2540 et
790 2501 842 2541 exie·

79 2569 126 2601 runt
142 2563 159 2601 ei
175 2562 257 2610 obviarn,
282 2569 302 2599 et
317 2560 426 2600 clamabant
441 2561 540 2612 Hosanna‚
556 2562 671 2602 benedictus
687 2560 721 2606 cui
743 2559 798 2599 venit
820 2560 840 2598 iu

80 2621 156 2659 nornine
173 2619 251 2669 domini,
268 2631 304 2658 rex
319 2618 387 2657 lsrael.
416 2622 440 2657 11
456 2618 484 2658 Et
499 2620 575 2658 invenit
589 2620 646 2659 iesus
662 2618 738 2656 asinum
753 2624 774 2656 11
789 2616 840 2656 sedit

80 2691 139 2725 super
154 2690 204 2727 enin,
220 2678 271 2716 sicut
287 2677 382 2723 scriptum
397 2683 433 2716 est.
466 2682 490 2715 15
507 2677 553 2716 Noli
569 2679 646 2726 timere,
661 2676 700 2714 lilia
716 2674 779 2721 syon:
796 2686 841 2714 ecce

79 2749 114 2775 reu
130 2743 175 2773 tuus
191 2735 245 2774 venit
255 2735 291 2774 tibi
303 2734 372 2773 sedens
383 2747 442 2782 super
452 2735 526 2782 pullum
537 2737 603 2774 asinae.
625 2737 650 2773 ie
668 2733 718 2772 Haec
726 2740 791 2772 autem
802 2745 842 2771 non
