1837 2928
45 41 67 78 G.
80 41 108 77 16,
407 41 466 77 Mare.
785 45 810 81 65

44 168 156 208 surrexisse
172 181 209 207 non
226 168 355 207 crediderant.
377 167 445 206 15111
465 168 514 206 dicit
535 168 575 207 illis
597 168 629 208 Ite
651 169 672 207 in
696 169 811 207 universum

44 225 113 264 orbem
129 231 150 264 et
161 225 268 272 praedicate
284 225 406 272 evangelium
417 225 516 264 universae
532 230 640 277 creaturae.»
653 230 677 264 lc
690 224 729 272 Qui
744 231 811 264 autem

46 282 154 320 crediderit
170 288 190 320 et
204 282 315 329 baptizatus
331 282 393 320 fuerit
408 281 473 321 salvus
486 283 531 331 erit,
540 283 574 328 qui
589 295 635 321 vero
650 296 688 321 non
704 282 811 321 crediderit

46 339 179 379 damnabitur.
220 340 245 377 17
283 337 343 386 Signa
364 344 430 377 autem
457 339 559 377 credentes
581 339 626 377 haec
649 344 766 385 sequentur:
789 339 810 377 in

48 397 126 434 nomine
141 409 184 434 meo
201 396 298 434 daemonia
313 395 400 446 eiicient7
415 395 487 442 linguis
502 396 608 442 loquentur
618 396 680 445 novis,
699 400 724 433 18
733 408 811 442 serpen-

46 459 77 491 tes
93 452 169 501 tollent,
187 458 207 490 et
222 453 239 490 si
254 452 378 490 mortiferum
389 451 437 498 quid
445 452 533 492 biberint
542 466 581 491 ncn
591 452 671 492 nocebit
685 452 740 503 illos3
752 465 810 498 super

45 509 161 556 languentes
177 522 246 548 manus
261 510 357 556 inponent
372 514 392 547 et
407 508 456 548 bene
472 522 492 547 se
508 508 614 549 habebunt.
636 513 660 547 19
677 508 705 547 Et
720 508 810 547 dominus

46 566 126 613 quidem
142 566 200 605 Iesus
215 571 319 613 postquam
334 566 411 604 locutus
427 565 518 617 escilus,
542 572 653 612 assumptus
675 565 741 604 estin
756 565 810 604 caelis

47 628 68 661 et
83 623 139 662 sedet
155 623 180 661 ad
194 623 295 661 dexteram
311 622 349 663 dei.
373 627 399 661 20
423 622 456 661 Illi
472 632 537 661 autem
552 623 637 671 profecti
651 623 811 670 praedicaverunt

46 679 126 729 ubique,
143 680 220 718 domino
237 680 342 719 adiuvante
358 684 379 717 et
390 693 498 719 sermonem
512 680 637 718 confirmante
645 679 809 726 prosequentibus

47 736 114 783 signis.
146 737 216 777 Amen.

179 1070 378 1121 Evatecctcu
397 1072 557 1122 SECUNDUM
574 1071 684 1123 Lucan.

106 1300 123 1341 Ι.
156 1304 164 1337 1
184 1297 280 1345 Quoniam
303 1300 383 1347 quidem
397 1299 455 1338 multi
475 1297 540 1339 conati
563 1305 610 1339 sunt
632 1300 723 1339 ordinare
745 1313 812 1338 rerum

49 1357 184 1395 narracionem
200 1369 244 1402 quae
254 1358 275 1395 in
283 1357 338 1396 nobis
348 1357 450 1404 completae
458 1362 511 1409 sunt7
534 1361 546 1394 2
563 1358 615 1395 sieut
622 1357 747 1396 tradiderunt
754 1356 810 1395 nobis

50 1415 84 1461 qui
99 1413 123 1453 ab
134 1413 193 1452 inicio
204 1413 243 1460 ipsi
252 1414 346 1453 viderunt
356 1419 377 1452 et
384 1414 470 1452 ministri
480 1413 562 1452 fuerunt
572 1414 701 1463 sermonibus,
718 1418 729 1452 3
745 1414 811 1452 visum

49 1476 81 1508 est
96 1476 117 1507 et
132 1470 180 1507 mihi
196 1476 285 1508 assecuto
302 1484 313 1508 a
327 1471 424 1517 principio
440 1471 505 1509 omnia
520 1470 624 1517 diligenter
647 1483 672 1509 ex
690 1470 758 1509 ordine
773 1469 811 1508 tibi

49 1526 142 1577 seribere,
158 1527 231 1572 optime
247 1526 363 1577 Theophile,
388 1532 398 1565 3
422 1533 445 1565 ut
461 1538 564 1574 cognoscas
584 1540 652 1566 eorum
667 1527 771 1566 verborum
787 1526 811 1564 de

48 1583 121 1629 quibus
137 1583 226 1621 eruditus
242 1596 262 1621 es
273 1574 388 1624 benitatem.
406 1588 416 1621 5
433 1584 482 1622 Fuit
496 1584 516 1622 in
532 1584 600 1623 diebus
609 1581 697 1623 Herodis
712 1584 764 1630 regis
779 1582 811 1620 Iu-

49 1640 99 1678 daeae
115 1639 206 1677 sacerdos
222 1640 302 1685 quidam
315 1641 393 1679 nomine
408 1640 513 1678 Zacharias
534 1640 558 1677 de
580 1641 623 1679 vioe
638 1640 697 1689 Abia
719 1645 740 1677 et
761 1650 812 1677 uxor

49 1696 80 1734 illi
96 1696 119 1734 de
134 1695 211 1734 filiabus
227 1696 300 1744 Aaron,
319 1703 339 1735 et
353 1710 424 1735 nomen
440 1698 481 1735 eius
496 1696 606 1735 Elisabeth.
639 1702 649 1735 6
666 1695 730 1734 Erant
745 1701 811 1734 autem

50 1753 99 1791 iusti
114 1752 170 1791 ambo
186 1758 232 1790 ante
248 1753 311 1803 deum,
335 1754 448 1791 incedentes
463 1754 484 1791 in
500 1753 588 1792 omnibus
606 1753 704 1791 mandatis
720 1758 741 1790 et
755 1752 812 1791 iusti-

49 1809 175 1847 fieacionibus
191 1809 265 1847 domini
280 1811 322 1848 sine
338 1810 422 1856 querela.
455 1810 466 1848 7
490 1809 518 1848 Et
532 1823 571 1848 non
586 1816 629 1848 erat
643 1809 683 1848 illis
705 1809 764 1859 lilius7
788 1822 811 1847 eo

50 1866 103 1912 quod
119 1871 171 1903 esset
186 1865 289 1905 Elisabeth
305 1867 378 1905 sterilis
394 1872 415 1905 et
430 1866 485 1906 ambo
500 1867 599 1913 progressi
621 1870 678 1905 erant
699 1867 719 1904 in
743 1865 811 1904 diebus

51 1924 98 1962 suis.
124 1925 135 1960 8
156 1923 239 1961 Factum
256 1930 287 1962 est
302 1930 374 1975 autem,
390 1937 434 1962 cum
450 1924 561 1963 sacerdocio
576 1924 691 1971 fungeretur
706 1923 812 1961 Zacharias

51 1992 76 2017 ex
91 1978 159 2017 ordine
174 1979 223 2017 ulcis
238 1993 280 2018 snae
296 1987 341 2019 ante
357 1981 457 2019 dominum
473 1980 537 2029 deumq
560 1986 571 2019 9
588 1980 695 2024 secundum
710 1985 813 2018 consuetu·

50 2035 117 2073 dinem
132 2035 238 2074 sacerdotii
253 2037 305 2075 forte
320 2037 370 2076 exiit
384 2043 408 2075 ut
429 2037 531 2075 incensum
546 2043 629 2083 poneret
644 2037 663 2075 ei
677 2037 777 2084 ingressus
792 2036 813 2074 in

51 2092 146 2138 templum
162 2092 241 2142 domini,
275 2098 300 2132 10
331 2104 352 2132 et
367 2094 429 2131 omnis
444 2093 551 2132 multitudo
567 2094 616 2132 foris
637 2093 706 2133 orabat
722 2094 771 2131 hora
785 2093 814 2131 in-

50 2148 110 2186 censi.
143 2152 165 2185 11
191 2149 294 2195 Apparuit
309 2155 374 2188 autem
389 2150 419 2188 illi
434 2150 513 2197 angelus
530 2150 604 2188 domini
626 2156 681 2188 stans
704 2164 715 2188 a
737 2149 812 2187 dextris

51 2204 119 2243 altaris
142 2205 223 2243 incensi.
256 2210 281 2244 12
304 2205 332 2245 Et
354 2207 422 2245 videns
441 2207 547 2245 Zacharias
572 2206 663 2246 turbatus
687 2212 723 2256 est,
747 2212 767 2244 et
789 2206 813 2244 ti-

51 2275 94 2300 mor
116 2261 188 2299 cecidit
212 2276 272 2309 super
296 2263 357 2302 illum.
393 2267 417 2301 13
441 2263 469 2302 Et
494 2265 523 2302 ait
547 2264 573 2302 ad
596 2257 652 2303 illum
677 2263 756 2311 angelus
781 2262 813 2304 do·

51 2319 100 2357 mini
125 2317 191 2356 dicens
211 2319 243 2358 Ne
273 2320 349 2370 timeas,
380 2320 481 2369 Zacharia,
513 2322 605 2368 quoniam
634 2333 678 2359 ecee
702 2319 812 2358 obsecracio

51 2381 87 2414 tua
102 2375 195 2414 exaudita
210 2381 247 2427 est,
264 2382 284 2416 et
298 2382 398 2430 uxortua
410 2376 515 2417 Elisabeth
529 2379 594 2427 pariet
609 2378 647 2418 tibi
662 2377 730 2427 filium,
747 2383 767 2415 et
781 2389 814 2415 vo-

51 2433 105 2472 cabit
119 2446 190 2471 nomen
205 2434 248 2472 eius
263 2434 367 2482 Iohannes,
385 2437 411 2472 14
427 2441 448 2473 et
463 2435 502 2472 erit
517 2436 610 2483 gaudium
624 2435 662 2474 tibi
677 2441 698 2473 et
708 2434 814 2485 exultacio,

50 2488 145 2528 etmulti
160 2491 180 2528 in
196 2491 301 2530 nativitate
316 2493 358 2529 eius
373 2491 499 2539 gaudebunt:
525 2497 549 2530 15
567 2493 606 2531 erit
621 2493 672 2531 enim
687 2504 768 2538 magnus
784 2503 814 2528 co-

52 2560 94 2586 ram
110 2545 194 2594 domino,
211 2554 231 2586 et
245 2549 313 2587 vinum
328 2554 349 2587 et
363 2548 446 2587 siceram
469 2549 588 2600 nonbibet,
612 2554 631 2588 et
652 2548 724 2596 spiritu
746 2552 813 2587 saneto

51 2602 162 2655 replebitur
176 2604 240 2644 adhuc
254 2607 275 2644 in
290 2612 347 2645 utero
362 2605 432 2644 matris
448 2619 496 2658 suae,
514 2611 539 2645 16
557 2612 577 2646 et
598 2607 670 2645 multos
685 2606 770 2644 filiorum
785 2604 816 2644 Is-

52 2662 93 2701 rael
109 2667 211 2700 ccnvertet
226 2663 251 2700 ad
266 2663 365 2701 dominum
381 2663 439 2701 deum
453 2663 552 2709 ipsorum:
581 2664 606 2702 17
623 2663 699 2709 etipse
714 2662 815 2710 praecedet

52 2726 98 2759 ante
113 2716 169 2756 illum
183 2719 204 2758 in
219 2721 292 2767 spiritu
307 2727 328 2760 et
342 2721 416 2760 virtute
425 2720 498 2773 Heliae7
514 2726 538 2760 ut
552 2725 654 2761 convertat
668 2720 727 2760 corda
736 2726 814 2768 patrum

110 2789 120 2821 5
133 2807 155 2813 -
168 2787 213 2826 Ooc.
227 2789 280 2826 Oolb.
