1837 2928
39 44 59 80 G.
72 41 100 77 12,
113 41 142 76 13.
391 38 448 76 Marc.
772 46 798 80 59

39 168 98 218 misit,
114 167 158 206 haec
172 181 219 208 vero
235 168 259 206 de
273 166 355 214 penuria
370 178 405 205 sna
421 178 497 204 omnem
515 166 589 206 victum
604 180 661 206 suum
683 179 741 216 quem
762 166 798 205 ha·

37 225 83 265 buit
96 224 157 264 misit.

94 277 150 324 Xlll.
185 286 192 320 1
216 281 244 320 Et
259 294 303 320 cum
318 280 444 328 egrederetur
459 280 483 318 de
498 279 578 331 templo,
602 281 630 319 ait
652 281 681 319 illi
703 294 753 320 unus
773 294 798 319 ex

37 337 140 385 discipulis
155 339 196 377 suis
212 338 314 387 Magister,
330 351 374 376 1111
394 337 461 385 quales
484 336 559 384 lapides
582 345 603 376 11
625 338 690 386 qualia
714 338 798 376 aedificia

38 395 112 442 templi.
138 400 149 433 2
171 396 205 435 Ad
220 408 277 442 quem
292 394 411 442 respondens
432 394 490 433 Iesus
513 394 542 432 ait
563 394 634 434 Nonne
653 394 732 434 vidistis
754 395 798 433 haec
823 395 825 399 ’

38 454 103 491 omnia
117 466 186 500 magna
201 453 298 492 aedificia?
314 465 370 491 amen
385 451 428 490 dico
443 451 499 491 vobis
515 452 567 498 quod
586 466 625 491 non
639 452 763 499 relinquetur
777 453 799 489 in

22 538 24 541 ι
37 510 76 549 1111
91 510 164 557 templo
180 510 230 557 lapis
245 523 304 556 super
318 508 405 556 lapidem
420 508 454 555 qui
469 521 508 547 nou
523 508 638 549 destruatur
660 510 716 548 etin
731 508 798 547 triduo

37 566 159 607 resuscitabo
174 567 224 606 illud
238 567 281 606 sine
295 565 393 605 manibus.
420 570 430 603 3
447 564 475 603 Et
489 566 563 604 factum
579 572 610 605 est
625 578 670 605 cum
685 566 763 605 sederet
778 566 799 604 in

37 629 124 662 montem
139 624 207 664 oliveti
222 630 291 663 contra
305 623 406 670 templum,
429 623 601 670 interrogaverunt
623 637 667 662 eum
682 623 755 662 Petrus
778 628 799 661 et

37 680 120 721 Iacobus
136 688 156 720 et
170 681 269 720 lohannes
285 685 305 719 et
320 680 410 718 Andreas
427 679 521 718 dicentes.
552 683 564 718 4
588 680 626 719 Dic
641 680 704 731 nobis³
720 679 797 727 qiiando

37 738 77 776 ista
90 739 144 788 fient,
161 745 181 776 et
196 739 248 784 quod
263 739 340 784 signum
356 737 394 775 erit
409 736 486 781 quando
502 738 567 775 omnia
585 738 681 784 incipient
695 738 739 776 haec
754 749 798 775 con-

38 796 143 834 summari?
160 800 171 833 5
187 793 316 840 Respondent
331 792 389 832 Iesus
405 792 470 839 eoepit
485 792 550 831 dicere
573 794 599 832 ad
620 794 664 832 illos
680 793 753 832 Videte
774 807 798 831 ne

38 852 82 898 quis
96 864 131 890 vos
147 851 240 893 seducat:
258 855 268 888 1
284 850 343 888 multi
358 849 409 887 enim
423 849 504 888 venient
518 850 539 887 in
553 851 630 888 nomine
645 863 688 889 meo
704 850 798 898 dicentes,

37 908 80 955 Ego
96 921 139 946 sum
154 906 245 947 Christus
261 913 282 945 11
296 906 369 945 multos
389 905 488 947 seducent.
514 907 525 945 7
549 905 598 946 (lum
614 913 679 945 autem
695 906 798 945 audieritis

37 963 88 1003 bella
103 969 123 1003 et
138 965 239 1011 opiniones
254 964 356 1014 bellorum,
373 962 433 1001 nolite
457 963 538 1002 timere:
567 969 646 1011 oportet
669 965 720 1002 enim
743 964 798 1014 fieri3

36 1021 72 1059 sed
87 1022 173 1059 nondum
187 1021 232 1059 finis
247 1026 284 1061 est.
317 1025 327 1058 8
358 1019 458 1066 Exsurget
473 1020 525 1058 enim
539 1032 588 1068 gens
604 1026 671 1059 contra
686 1026 763 1067 gentem
779 1026 800 1058 et

37 1091 118 1125 regnum
133 1091 192 1125 super
207 1091 294 1125 regnum,
315 1082 336 1115 et
351 1082 409 1115 erunt
423 1081 483 1115 terrae
498 1082 563 1115 motus
578 1090 614 1124 per
630 1077 706 1125 singula
721 1077 764 1116 loca
779 1082 800 1115 et

38 1134 105 1173 fames.
123 1139 133 1173 9
150 1134 223 1172 Videte
239 1139 305 1172 autem
320 1138 398 1171 vosmet
411 1133 477 1179 ipsos:
494 1133 574 1171 tradent
589 1134 640 1172 enim
655 1147 690 1173 vos
706 1134 727 1172 in
738 1134 800 1172 conci-

37 1190 76 1240 liis¹
93 1196 113 1229 et
128 1191 149 1229 in
164 1191 266 1238 synagogis
282 1189 408 1239 vapulabitis
424 1193 444 1227 et
459 1195 505 1227 ante
520 1190 615 1236 praesides
631 1195 652 1228 et
666 1203 721 1238 reges
737 1189 799 1229 stabi·

38 1248 64 1285 tis
79 1253 161 1294 propter
175 1261 213 1297 nie,
228 1247 249 1285 in
264 1247 400 1285 testimonium
417 1245 464 1286 illis.
483 1250 508 1284 lc
524 1246 552 1285 Et
566 1247 657 1293 gentibus
672 1248 757 1294 primum
768 1260 800 1285 au·

37 1309 77 1342 tem
93 1310 172 1351 oportet
185 1304 223 1343 hoc
239 1303 360 1350 evangelium
374 1302 489 1348 praedicare.
522 1307 545 1341 11
570 1303 598 1341 Et
613 1317 657 1342 cum
671 1304 800 1350 perduxerint

37 1374 71 1399 vos
87 1361 194 1410 tradentes³
210 1360 271 1399 nolite
285 1359 414 1407 praecogitare
430 1359 478 1406 quid
493 1359 609 1410 loquamini3
626 1360 660 1399 sed
671 1360 723 1407 quod
731 1361 798 1399 datum

35 1417 91 1457 vobis
106 1417 204 1456 fueritin
219 1417 322 1464 illahora,
339 1416 403 1463 ipsum
418 1414 530 1462 loquimini:
558 1430 596 1455 non
621 1417 673 1455 enim
695 1429 730 1456 vos
751 1417 799 1455 estis

37 1475 70 1522 qni
85 1474 188 1523 loquimini
204 1474 239 1513 sed
254 1474 335 1520 spiritus
351 1477 436 1511 sanctus.
469 1477 494 1511 12
513 1473 541 1511 Et
555 1473 622 1512 tradet
636 1474 699 1512 frater
714 1474 799 1512 fratrem

35 1531 57 1569 in
70 1538 154 1570 mortem
170 1530 345 1580 1111111111111117
361 1535 381 1567 et
395 1530 498 1577 insurgent
512 1530 549 1568 filii
564 1531 584 1568 in
599 1538 691 1577 parentes
708 1536 728 1569 et
735 1536 798 1569 morte

35 1587 80 1625 illos
95 1588 187 1636 afficient,
206 1592 230 1625 13
247 1587 339 1625 eteritis
355 1586 399 1624 odio
415 1587 624 1626 omnibushominibus
639 1593 721 1633 propter
728 1601 798 1626 nomen

35 1657 110 1685 meum:
126 1644 160 1690 qui
175 1648 241 1682 autem
256 1643 370 1682 toleraverit
390 1654 452 1688 usque
474 1642 499 1681 ad
514 1643 577 1692 finem,
604 1644 637 1682 hio
660 1644 726 1683 salvus
752 1644 797 1682 crit.

38 1703 62 1737 14
79 1699 128 1739 Cum
143 1706 209 1738 autem
224 1700 314 1738 videritis
331 1698 510 1737 abhominacionem
518 1699 646 1738 desolacionis
655 1701 707 1748 quod
722 1700 797 1738 dictum

36 1761 67 1795 est
80 1770 116 1803 per
131 1756 228 1795 danielem
242 1756 359 1803 proplietam
374 1760 427 1792 stare
442 1755 477 1793 ubi
491 1768 529 1794 non
545 1761 629 1806 oportet,
648 1757 682 1804 qui
705 1757 753 1803 legit
768 1757 796 1795 in·

35 1813 117 1862 telligat‚
141 1819 188 1851 tune
210 1814 242 1861 qui
258 1813 279 1851 in
293 1811 362 1850 Iudaea
377 1817 424 1849 sunt
438 1812 551 1859 fugientiu
565 1812 671 1861 montibus,
706 1817 730 1851 15
763 1814 796 1860 qui

34 1869 56 1908 in
71 1869 206 1917 superioribus
221 1883 260 1908 non
276 1868 382 1907 descendat
397 1874 420 1906 ut
435 1868 493 1907 tollat
508 1869 612 1916 quicquam
627 1869 651 1907 de
674 1869 731 1907 domo
754 1883 795 1919 sua,

37 1930 62 1964 io
79 1933 99 1964 et
114 1927 184 1973 quiin
199 1940 244 1973 agro
261 1927 299 1964 erit
313 1939 352 1963 non
367 1931 480 1964 revertatur
494 1931 548 1964 retro
563 1926 632 1964 tollere
657 1928 797 1965 vestimentum

36 1995 98 2023 suum.
117 1984 142 2022 17
158 1982 195 2022 Vae
211 1988 276 2021 autem
291 1981 438 2029 praegnantibus
454 1988 475 2020 11
489 1982 623 2021 nutrientibus
638 1983 658 2021 in
673 1982 713 2021 illis
720 1983 795 2022 diebus.

37 2043 62 2077 18
79 2039 140 2078 Orate
156 2045 240 2087 ergout
255 2052 294 2077 non
308 2039 373 2077 hieme
388 2039 441 2077 fiant.
475 2044 499 2077 19
516 2039 582 2078 Erunt
597 2041 649 2078 euim
660 2040 701 2079 dies
717 2040 746 2078 illi
762 2041 797 2079 tri-

34 2095 147 2135 bulaciones
170 2102 191 2134 et
207 2108 306 2142 pressurae
329 2094 395 2142 quales
414 2109 453 2133 non
475 2096 558 2134 11111111
577 2096 600 2135 ab
623 2097 682 2135 inicio
701 2103 797 2135 creaturae

34 2152 169 2201 usquemodo
185 2165 248 2198 111111
264 2152 440 2198 ernntposthoc.
472 2156 497 2190 20
521 2152 549 2190 Et
571 2153 609 2191 nisi
624 2153 734 2192 breviasset
749 2153 796 2191 deus

35 2208 77 2246 dies
87 2208 138 2259 illos⁷
146 2222 186 2247 non
196 2214 249 2247 esset
259 2208 313 2246 salva
320 2208 383 2246 omnis
392 2219 448 2247 caro:
460 2209 495 2246 sed
504 2214 585 2256 propter
594 2209 666 2247 electos
677 2222 726 2255 cruos
738 2210 797 2257 elegit

35 2264 133 2304 breviavit
148 2264 196 2304 dies.
214 2268 238 2303 21
257 2264 312 2303 Tunc
329 2263 347 2302 si
362 2264 406 2310 quis
422 2264 477 2303 vobis
494 2265 567 2304 dixerit
582 2266 633 2304 Ecce
649 2266 681 2304 1111
697 2264 795 2318 Christus,

36 2323 67 2360 vel
78 2335 122 2361 ecce
137 2322 184 2372 11111,
200 2321 261 2360 nolite
276 2321 363 2359 credere.
382 2325 408 2359 22
424 2321 539 2369 Exsurgent
554 2323 606 2361 enim
615 2323 761 2370 pseudochristi
776 2330 797 2361 et

34 2379 219 2428 pseudoprophetae,
234 2384 255 2416 et
270 2377 345 2416 dabunt
359 2377 415 2424 signa
430 2384 451 2417 et
465 2379 554 2426 prodigia
577 2380 602 2418 ad
625 2379 762 2428 seducendum,
779 2380 797 2418 si

34 2434 78 2473 fieri
92 2441 165 2483 potest,
181 2436 241 2474 etiam
256 2434 335 2473 1111111.
352 2438 378 2472 23
394 2434 446 2474 Ecce
461 2436 546 2482 praedixi
556 2436 695 2475 vobisomnia.
713 2439 739 2474 24
756 2435 797 2474 Sed

34 2491 54 2529 in
70 2492 109 2530 illis
125 2492 193 2531 dicbus
208 2498 254 2539 post
268 2491 417 2530 tribulacionem
432 2492 487 2530 illam
502 2492 532 2531 sol
554 2493 698 2543 obscurabitur,
715 2500 734 2530 et
749 2492 796 2531 luna

35 2562 74 2587 non
90 2549 145 2588 dabit
158 2548 224 2588 lumen
239 2563 303 2598 suum,
319 2552 344 2587 25
362 2553 382 2586 11
397 2548 460 2587 stellae
476 2563 521 2596 quae
536 2555 582 2588 sunt
598 2550 618 2588 in
634 2550 678 2589 caeli
693 2554 751 2588 erunt
766 2562 796 2588 ca·

36 2604 104 2655 dentes
119 2612 140 2643 et
153 2606 239 2644 virtutes
254 2605 346 2644 caelorum
367 2604 504 2644 movebuntur.
531 2611 556 2645 26
581 2607 608 2644 Et
630 2612 678 2644 tuno
695 2606 797 2645 ¹videbunt

34 2660 97 2700 filium
112 2661 197 2700 hominis
212 2663 323 2701 venientem
337 2661 358 2699 in
373 2661 457 2700 nubibus
473 2676 517 2700 cum
531 2664 606 2701 virtute
614 2663 677 2701 multa
692 2668 713 2701 et
727 2663 795 2710 gloria.

36 2719 63 2758 27
86 2718 114 2757 Et
129 2723 176 2757 tunc
191 2720 259 2772 mittet
274 2718 351 2766 angelos
367 2731 412 2757 suos
428 2724 449 2757 et
471 2719 597 2768 congregabit
620 2720 692 2759 electos
715 2716 761 2759 suos
785 2734 797 2758 a
