1869 2914
96 55 122 92 40
425 47 460 83 En.
475 57 510 83 666
795 50 858 86 (128.

96 187 150 215 eum:
168 181 179 214 3
196 182 239 214 erat
254 182 320 214 autem
336 179 427 223 aspectus
442 175 485 213 eius
500 176 552 214 sicut
566 175 632 222 fulgur
647 181 668 214 et
682 176 799 214 vestimenta
814 177 858 214 cius

94 233 149 271 velut
171 233 210 271 nix.
242 236 254 271 4
285 234 305 271 A
327 234 397 271 timore
416 238 482 270 autem
505 233 546 270 eius
562 234 654 271 exterriti
669 239 715 271 sunt
730 233 821 271 custodes
837 242 858 271 61

93 290 142 328 facti
161 296 208 328 sunt
222 289 277 329 velut
292 290 371 328 mortui.
389 293 399 327 5
416 289 544 335 Respondens
560 295 625 328 autem
641 290 720 337 angelus
736 290 787 328 dixit
801 290 856 328 muli-

94 346 159 385 eribus
175 346 243 386 Nolite
259 348 329 385 timere
344 358 390 387 vost
406 346 446 384 scio
462 347 514 384 enim
529 346 581 393 quod
596 346 663 385 Iesum
679 347 792 385 crucifixum
805 359 856 394 quae-

94 404 149 442 ritis:
175 409 241 443 bnon
256 410 287 442 est
306 404 344 449 bic,
368 403 455 441 surrexit
478 405 529 441 enim
552 405 604 442 61661
626 404 687 442 dixit:
708 404 774 442 venite
789 404 855 442 videte

93 459 157 499 locum
172 460 207 499 ubi
221 461 298 507 positus
314 464 357 498 erat
372 459 468 499 dominus.
502 459 610 499 71116116
627 465 695 498 666166
716 460 776 497 (116116
799 459 854 497 disci-

93 518 146 564 pulis
162 518 203 556 eius
219 518 265 564 quia
280 516 367 555 surrexit
382 530 394 554 a
408 517 499 568 mortuis,
515 523 536 555 et
550 517 646 564 praecedit
660 529 695 555 vos
713 517 734 554 in
749 515 854 555 Galileam:

93 574 122 613 ibi
138 587 182 612 eum
197 574 298 613 videbitis.
328 572 381 611 Ecce
397 573 438 611 dixi
453 573 515 612 vobis.
533 577 544 612 8
560 573 588 612 111
603 574 694 627 exierunt
709 573 748 611 6116
771 572 795 610 de
816 586 855 611 mo-

92 637 185 668 numento
201 643 246 668 cum
260 630 331 668 timore
347 634 368 667 et
381 629 453 676 gaudio
468 643 537 677 magno
558 636 658 668 currentes
681 630 774 667 nunciare
798 628 855 667 disci-

91 688 143 734 pulis
159 688 207 726 eius.
235 689 289 726 eEt
304 698 349 726 6666
364 686 421 725 16666
437 688 512 725 occurit
527 687 566 725 illis
588 688 653 725 dicens
669 687 741 728 Arete.
763 685 855 724 1116666-

92 750 133 783 tem
158 744 272 783 accedentes
303 748 410 782 tenuerunt
433 743 494 790 pedes
519 744 561 782 eius
593 749 613 782 et
645 743 779 783 adoraverunt
803 756 854 782 eum.

94 806 119 840 10
136 802 192 840 Tunc
214 802 242 839 ait
264 801 304 839 illis
325 800 382 839 Iesus
404 800 472 839 Nolite
494 801 573 838 timere:
595 802 623 838 116
646 801 737 838 nunciate
759 799 855 838 fratribus

91 859 141 897 meis
160 864 183 897 ut
198 864 244 897 eant
258 859 279 896 in
302 856 407 897 Galileam:
431 857 472 895 illic
494 871 524 896 me
547 857 648 897 videbunt.
681 861 704 895 11
738 855 788 902 Quae
811 868 854 895 cum

92 914 193 964 abiissent,
218 926 263 953 6666
279 914 358 961 quidam
374 914 397 951 de
413 913 527 952 custodibus
549 920 646 952 venerunt
668 915 689 951 in
711 913 811 951 civitatem
834 920 855 951 61

91 972 236 1010 nunciaverunt
250 970 372 1018 principibus
388 970 512 1008 sacerdotum
528 971 592 1008 omnia
600 983 644 1018 qnae
659 971 772 1008 factasunt.
790 973 815 1007 12
826 969 854 1007 Et

91 1029 203 1075 congregati
226 1040 270 1066 cum
289 1027 398 1066 senioribus
422 1033 502 1074 accepto
525 1027 607 1066 consilio
629 1027 732 1075 pecuniam
755 1026 853 1073 copiosam

93 1085 190 1123 dederunt
204 1084 308 1134 militibus,
326 1088 350 1121 13
368 1084 455 1121 dicentes
470 1083 537 1121 Dicite
553 1084 600 1129 quia
623 1083 715 1130 discipuli
738 1083 780 1121 eius
795 1089 853 1121 66616

91 1147 189 1180 venerunt
205 1147 225 1179 61
240 1141 303 1179 furati
317 1146 364 1178 sunt
379 1153 423 1178 eum
438 1140 495 1179 nobis
511 1140 664 1179 dormientibus:
689 1143 715 1177 14
738 1146 759 1178 et
781 1140 798 1177 si
815 1141 854 1178 hoc

91 1198 180 1237 auditum
190 1198 252 1236 fuerit
263 1211 274 1235 a
283 1196 374 1244 praeside,
383 1210 418 1235 666
429 1196 590 1245 persuadebimus
600 1197 619 1235 ei
627 1202 648 1235 et
658 1208 737 1236 securos
749 1209 784 1235 vos
794 1196 853 1234 facie·

91 1268 141 1295 mus.
167 1259 191 1292 15
209 1254 239 1293 At
253 1254 284 1291 1111
299 1259 379 1300 accepta
393 1254 476 1300 pecunia
491 1254 581 1291 fecerunt
604 1254 656 1291 sicut
671 1258 728 1291 erant
743 1253 802 1291 docti.
825 1252 853 1291 Et

91 1311 213 1359 divulgatum
229 1316 260 1349 est
274 1310 355 1348 verbum
370 1310 425 1348 istud
439 1310 492 1356 apud
509 1310 589 1348 Iudaeos
610 1323 672 1356 usque
693 1310 713 1347 in
735 1309 853 1347 hodiernum

91 1368 149 1407 diem.
168 1372 192 1406 16
209 1367 307 1406 Undecim
322 1372 388 1405 autem
404 1365 740 1414 (116616611611666611666111666,
765 1366 785 1403 in
800 1379 853 1404 mon·

90 1429 132 1463 tem
146 1426 181 1463 ubi
196 1425 327 1463 constituerat
341 1423 380 1461 11116
388 1422 453 1474 Iesus,
470 1424 495 1461 11
512 1429 533 1461 61
547 1423 638 1462 videntes
654 1436 698 1461 eum
714 1422 852 1472 adoraverunt,

69 1501 71 1507 ι
92 1481 170 1527 quidam
187 1487 252 1519 autem
268 1480 414 1518 dubitaverunt.
433 1483 457 1517 18
481 1479 509 1517 111
524 1480 618 1519 accedens
640 1479 698 1518 16666
720 1479 798 1517 1666166
821 1486 854 1517 661

92 1539 120 1576 616
137 1538 203 1576 dicens
218 1537 271 1576 Data
286 1542 317 1575 est
332 1537 381 1574 mibi
396 1537 459 1575 omnis
481 1542 569 1583 potestas
592 1537 613 1575 in
635 1537 683 1575 caelo
706 1542 726 1575 61
748 1537 769 1573 16
791 1541 851 1575 terra.

93 1599 118 1633 ia
134 1595 211 1633 Euntes
227 1606 273 1641 ergo
289 1594 357 1632 docete
373 1606 439 1631 omnes
454 1599 528 1642 gentes,
544 1593 667 1640 baptizantes
691 1606 724 1632 eos
738 1593 759 1630 in
774 1593 853 1631 nomine

90 1652 154 1698 patris
170 1656 191 1690 61
205 1650 241 1689 filii
257 1654 277 1689 61
292 1650 374 1697 spiritus
394 1650 463 1699 sancti,
486 1654 513 1689 20
530 1650 622 1688 docentes
638 1663 671 1689 666
694 1662 772 1689 servare
788 1650 853 1688 omnia

91 1720 212 1756 quaecunque
227 1707 319 1745 mandavi
333 1706 398 1747 vobis:
423 1712 444 1745 et
459 1718 503 1745 6666
518 1720 553 1753 ego
573 1706 674 1746 vobiscum
697 1720 740 1745 sum
762 1705 853 1745 omnibus

90 1765 159 1804 diebus
174 1777 236 1813 usque
252 1764 277 1802 ad
292 1764 480 1803 consummacionem
495 1763 569 1814 saeculi,
589 1764 659 1804 Amen.

147 1822 236 1870 Explicit
251 1820 374 1868 evangelium
388 1820 488 1859 Matthaei.

209 2203 409 2255 EVANGELIUM
427 2205 587 2257 SECUNDUM
604 2206 738 2259 utacum

146 2436 161 2481 l.
196 2442 205 2477 1
229 2437 315 2477 inicium
338 2438 433 2486 evangelii
454 2438 502 2478 Iesu
524 2437 600 2479 Christi
622 2439 658 2477 filii
685 2438 722 2478 dei.
754 2443 766 2477 2
793 2437 849 2478 Sicut

88 2496 184 2543 scriptum
200 2501 231 2534 661
255 2496 275 2533 16
290 2494 352 2534 Ysaia
366 2496 462 2542 propheta
476 2496 528 2536 Ecce
543 2498 602 2536 mitto
617 2495 707 2544 angeium
722 2509 787 2535 meum
803 2503 848 2536 ante

87 2553 158 2592 faciem
174 2553 275 2603 tuam‚qui
290 2552 411 2600 praeparabit
417 2553 469 2593 viam
477 2560 540 2594 tuam:
558 2560 568 2593 3
585 2566 624 2594 vox
632 2553 733 2593 clamantis
741 2554 761 2593 in
770 2555 848 2595 deserto

87 2610 161 2649 Parate
176 2611 228 2650 viam
244 2610 325 2661 domini,
340 2616 405 2649 rectas
420 2611 479 2650 facite
495 2612 575 2651 semitas
597 2612 628 2650 dei
648 2612 717 2654 nostri.
741 2614 754 2651 4
778 2612 848 2653 Omnis

87 2667 144 2706 vallis
160 2668 277 2718 replebitur,
293 2673 313 2706 et
328 2668 390 2706 omnis
405 2681 460 2707 mons
483 2675 503 2707 et
518 2669 572 2708 collis
587 2667 731 2723 humiliabitur,
747 2676 768 2709 et
783 2671 849 2709 omnia

87 2738 148 2772 prava
163 2731 221 2763 crunt
242 2730 301 2775 recta,
326 2730 346 2764 et
367 2738 435 2772 aspera
453 2726 474 2764 in
488 2726 598 2773 planiciem.
629 2725 657 2765 Et
671 2726 771 2766 videbitur
785 2727 848 2775 gloria
