1869 2914
121 62 147 96 28
462 55 496 89 Er.
511 64 546 88 sec.
745 66 747 68 ·
778 53 797 88 O.
810 52 838 86 at.
850 52 878 87 22.

119 179 216 219 habebant
237 179 343 218 Iohannem
367 180 419 219 sicut
446 180 567 228 prophetam,
591 181 617 218 27
640 178 668 217 Et
689 177 829 226 respondentes
854 176 878 215 ad

119 238 185 277 Iesum
202 237 294 277 dixerunt
301 238 412 279 Nescimus.
427 238 464 277 Ait
478 237 517 277 illis
533 237 554 276 ct
563 237 620 276 Iesus
628 237 698 287 Neque
714 250 748 286 ego
763 235 818 276 vobis
834 234 878 274 dieo

119 297 139 334 in
163 308 200 343 qua
222 302 322 343 potestate
341 296 463 347 haeclfacio.
495 299 520 333 28
545 293 598 341 Quid
621 300 686 334 autem
708 295 764 334 vohis
786 294 878 333 videtur?

119 353 185 391 Homo
201 354 279 399 quidam
295 353 364 392 habuit
380 354 428 392 duos
443 354 499 403 filios,
523 359 543 390 et
558 353 651 391 accedens
674 353 699 391 ad
720 353 805 399 primum
828 351 879 389 dixit

119 410 165 460 Fili,
181 411 230 449 vade
245 411 303 449 hodie
319 423 400 458 operare
415 411 436 448 in
450 411 527 449 vineam
535 423 604 450 meam.
622 414 647 448 29
664 409 695 449 At
709 410 742 448 ille
757 408 878 455 respondens

120 468 149 505 ait
170 466 231 518 Nolo3
261 473 330 514 postea
352 476 417 505 antem
444 467 563 514 paenitencia
588 472 654 505 motus
681 467 730 506 abiit
751 466 772 503 in
794 466 877 503 vineam.

121 528 147 562 30
163 525 254 563 Accessit
269 530 334 562 autem
350 525 374 562 ad
389 525 472 563 alterum
495 531 516 562 et·
535 523 586 562 dixit
606 523 636 561 illi
659 524 756 563 similiter.
794 522 823 559 At
845 520 878 559 ille

119 580 238 626 respondens
254 582 283 617 ait
296 580 334 630 Ee,
350 581 480 631 domine3et
494 594 532 618 non
548 580 602 619 abiit.
627 584 650 618 31
684 578 733 624 Quis
756 590 780 616 ex
803 577 878 615 dnobus

119 637 168 673 feeit
182 636 303 674 voluntatem
325 638 403 683 patris?
435 636 510 675 Dicunt
533 637 551 674 ei
565 637 651 674 Primus.
681 636 737 674 Dicit
758 634 798 672 illis
821 633 878 672 Iesus

119 693 184 729 Amen
200 692 242 730 dico
257 692 313 730 robis
329 693 381 738 quod
396 694 510 731 meretrices
532 698 553 729 et
567 691 665 739 publicani
680 691 793 738 praecedent
807 703 843 728 vos
858 690 878 726 in

120 761 179 795 regno
206 748 243 786 dei.
274 754 299 787 32
326 748 388 787 Venit
412 749 463 787 enim
488 749 585 787 lohannes
611 748 635 785 ad
659 761 693 786 vos
719 748 739 785 in
763 747 795 785 via
820 746 878 783 insti-

121 807 163 858 ciae³
179 811 199 845 et
214 820 252 845 non
267 805 379 846 credidistis
395 806 422 846 ei:
438 806 537 856 publicani
552 812 617 846 autem
633 812 653 844 et
667 805 781 845 meretrices
792 802 878 844 credide-

119 872 166 904 runt
181 865 205 914 ei
229 872 344 904 vosautem
359 866 450 905 ridentes
465 866 508 905 haec
530 865 667 913 paenitenciam
691 863 788 903 habuistis
810 866 878 911 postea

120 922 172 968 quod
187 936 225 960 non
242 923 360 962 credidistis.
386 928 410 961 33
435 924 500 961 Aliam
516 923 628 969 parabolam
643 923 716 961 audite.
747 921 812 958 Homo
836 926 878 957 erat

119 984 176 1025 pater
190 979 275 1017 familias
291 980 324 1024 qui
339 980 435 1026 plantavit
449 980 532 1028 vineam,
556 985 577 1017 et
591 992 657 1025 sepem
677 980 696 1016 ei
714 977 843 1016 circumdedit
858 983 879 1013 et

119 1035 171 1073 fodit
185 1036 204 1072 in
221 1048 244 1073 ea
259 1028 345 1073 torcular
360 1042 381 1074 et
395 1035 501 1074 aedificarit
519 1036 538 1073 in
563 1049 586 1073 ea
600 1035 678 1085 turrim7
701 1040 721 1073 et
741 1034 813 1072 locarit
835 1046 877 1070 eam

119 1092 191 1130 colonis
208 1098 227 1130 ct
242 1106 322 1140 peregre
337 1094 437 1141 profectus
453 1099 490 1131 est.
514 1096 540 1130 34
557 1092 606 1131 Cum
616 1098 693 1138 tempus
704 1098 769 1129 aretem
777 1091 877 1128 fructuum

120 1150 301 1199 appropinquasset,
317 1151 372 1188 misit
388 1163 454 1188 serres
470 1163 516 1189 suos
532 1149 556 1187 ad
577 1150 654 1188 colones
675 1158 699 1188 ut
721 1149 832 1195 acciperent
854 1147 877 1185 de

119 1206 217 1245 fructibus
233 1208 280 1245 suis.
305 1211 329 1245 35
354 1207 382 1245 Et
397 1207 523 1254 apprehensis
539 1208 601 1245 servis
617 1207 659 1245 eius
674 1220 735 1245 unum
758 1205 877 1254 ceciderunt,

120 1263 179 1301 alium
203 1270 268 1301 autem
290 1264 433 1312 lapidaverunt,
457 1264 516 1302 alium
538 1277 584 1302 vero
608 1263 727 1301 occiderunt.
752 1267 777 1300 36
801 1262 877 1300 lterum

120 1320 174 1357 misit
196 1319 244 1358 alios
267 1333 334 1358 servos
356 1320 422 1366 plures
445 1320 550 1368 prioribus,
574 1326 594 1358 et
616 1320 705 1358 fecerunt
727 1319 755 1356 eis
779 1318 877 1356 similiter.

121 1380 146 1413 3?
162 1375 182 1413 N
183 1377 274 1414 ocissime
290 1383 356 1415 autem
366 1377 421 1414 misit
431 1376 470 1414 illis
481 1377 541 1414 filium
552 1390 609 1414 suum
619 1377 698 1414 unicum
710 1376 775 1413 dicens
784 1375 876 1413 Forsitan

120 1432 263 1470 reverebuntur
278 1433 339 1470 filium
353 1446 424 1470 meum,
442 1437 466 1471 38
484 1431 552 1470 Geloni
568 1438 632 1470 autem
642 1432 732 1470 videntes
747 1431 807 1469 filium
824 1431 875 1467 dixe·

121 1494 168 1525 runt
182 1487 234 1525 inter
250 1501 269 1526 se
285 1488 324 1525 Hic
340 1494 370 1526 cst
383 1489 460 1526 haeres:
476 1488 542 1526 venite
558 1488 667 1526 occidamus
683 1501 733 1535 eum,
757 1491 777 1524 et
798 1486 877 1524 habebi-

121 1557 164 1582 mus
179 1544 315 1583 haereditatem
332 1546 380 1586 eius.
405 1549 429 1584 39
449 1544 476 1583 Et
499 1545 640 1592 apprehensum
664 1557 707 1583 erim
728 1543 842 1582 occiderunt
856 1548 877 1581 et

122 1603 220 1642 eiecerunt
243 1617 287 1642 eum
312 1610 368 1643 extra
389 1604 472 1642 vineam.
496 1606 522 1642 40
547 1601 596 1643 Cum
621 1616 665 1651 ergo
687 1602 765 1642 venerit
787 1602 876 1641 dominus

120 1661 190 1710 vineae,
206 1662 253 1708 quid
268 1662 329 1700 faciet
343 1662 416 1700 colonis
432 1661 485 1700 illis?
515 1664 540 1699 41
565 1662 665 1700 Diuerunt
679 1661 742 1700 Malos
765 1660 814 1698 male
834 1673 877 1707 per·

121 1718 160 1767 det,
187 1724 207 1756 et
222 1720 298 1757 vineam
314 1719 387 1758 locabit
412 1719 455 1757 aliis
478 1719 556 1768 colonis,
581 1719 614 1765 qui
639 1718 723 1757 reddent
747 1718 765 1756 ci
790 1718 876 1756 fructum

120 1774 241 1821 temporibus
256 1777 303 1815 suis.
328 1780 355 1814 42
376 1776 432 1814 Dicit
446 1776 486 1814 illis
501 1775 558 1813 Iesus
573 1776 678 1822 Nunquam
694 1775 770 1822 legistis
790 1776 811 1813 in
830 1775 877 1812 seri-

119 1833 183 1878 pturis
199 1831 293 1880 Lapidem
309 1845 366 1880 quem
381 1832 535 1880 reprobaverunt
550 1833 675 1882 aedificantes,
691 1833 724 1871 hic
738 1832 802 1870 factus
818 1832 876 1871 estin

121 1895 179 1936 eaput
195 1890 269 1942 angulig
285 1904 296 1927 a
311 1890 389 1929 domino
404 1890 468 1928 factus
484 1895 514 1928 est
528 1890 567 1940 hie,
590 1887 611 1928 et
625 1895 656 1928 est
670 1889 765 1928 mirabilis
780 1889 800 1927 in
815 1888 876 1927 oeulis

121 1946 208 1983 nostris?
232 1949 256 1984 43
281 1946 329 1984 Ideo
346 1947 388 1984 dico
404 1946 520 1996 vobis-quia
536 1947 636 1984 auferetur
651 1960 663 1983 a
678 1946 733 1985 vobis
749 1958 829 1992 regnum
846 1946 877 1983 dei

120 2007 141 2039 et
156 2001 235 2040 dabitur
249 2003 303 2049 genti
318 2002 398 2041 facienti
413 2002 499 2041 fructum
515 2003 563 2041 eius.
580 2006 606 2041 44
622 2002 650 2040 Et
665 2003 699 2049 qui
709 2002 803 2040 ceciderit
817 2015 877 2048 snper

120 2058 205 2104 lapidem
219 2060 279 2097 istum
295 2060 439 2106 confringetur:
465 2073 524 2106 super
539 2072 596 2105 quem
611 2073 657 2098 vero
673 2059 772 2108 ceciderit,
789 2064 878 2097 conteret

121 2128 172 2154 eum.
195 2118 220 2153 45
244 2115 331 2153 Etcum
353 2116 454 2154 audissent
476 2117 574 2163 principes
597 2116 720 2155 sacerdotum
743 2121 764 2154 et
778 2115 877 2154 Pharisaei

80 2217 82 2220 Ι
120 2171 222 2216 parabolas
238 2172 286 2222 eius7
302 2177 432 2219 cognorerunt
449 2173 500 2218 quod
516 2173 539 2210 de
554 2173 602 2219 ipsis
619 2173 701 2211 diceret:
719 2175 744 2210 46
762 2177 782 2210 et
790 2185 877 2218 quaeren-

120 2235 150 2264 tes
166 2240 210 2264 eum
226 2234 293 2266 tenere
309 2229 418 2266 timuerunt
432 2229 506 2274 turbas,
530 2230 620 2274 quoniam
636 2230 688 2267 sicut
702 2229 818 2275 prophetam
833 2242 877 2266 eum

118 2283 222 2322 habebant.
715 2280 719 2289 '

176 2338 244 2387 XXII.
278 2347 287 2381 1
304 2342 332 2382 Et
346 2342 465 2391 respondens
480 2343 536 2383 Iesus
552 2344 603 2384 dixit
616 2343 655 2383 illis
671 2344 742 2383 iterum
751 2342 771 2381 in
779 2341 877 2390 parabolis

120 2399 185 2438 dicens
202 2405 214 2438 2
231 2400 298 2440 Simile
314 2408 344 2440 est
359 2415 438 2449 regnum
454 2402 545 2441 caelorum
560 2403 635 2442 homini
650 2403 690 2450 regi
700 2402 733 2448 qui
741 2401 790 2439 fecit
796 2401 877 2448 nupcias

119 2457 158 2495 filio
174 2471 215 2496 suo.
238 2464 248 2497 3
269 2458 297 2496 Et
312 2460 366 2497 misit
381 2472 447 2498 servos
462 2473 507 2498 snos
519 2473 588 2499 vocare
603 2460 698 2498 inritatos
714 2458 738 2497 ad
754 2459 840 2508 nupcias,
857 2465 877 2497 et

58 2527 65 2533 “
119 2515 224 2554 noluerunt
239 2516 311 2556 venire.
334 2516 436 2555 aiterum
452 2518 507 2556 misit
522 2517 569 2557 alios
586 2530 652 2556 servos
668 2529 714 2555 suos
730 2515 795 2555 dicens
810 2516 877 2555 Dicite

118 2573 207 2610 invitatis
217 2573 269 2612 Eece
284 2574 387 2620 prandium
398 2587 462 2613 mcum
476 2575 550 2622 paravi,
566 2575 619 2613 tauri
628 2574 667 2612 mei
678 2580 698 2612 et
708 2573 805 2620 saginacia
813 2574 878 2613 occisa

118 2634 139 2665 et
154 2630 218 2668 omnia
232 2637 301 2677 parata
317 2637 373 2669 sunt:
394 2632 459 2669 venite
475 2632 499 2670 ad
514 2633 601 2678 nupcias,
626 2636 637 2669 5
660 2630 693 2669 Illi
709 2638 774 2668 autem
789 2631 877 2678 neglexe-

117 2690 170 2733 runt,
187 2693 207 2723 et
222 2687 312 2725 abierunt
327 2687 361 2726 alii
376 2688 396 2725 in
411 2687 476 2726 villam
492 2702 553 2737 suam,
570 2688 604 2726 alii
620 2700 666 2726 vero
682 2687 706 2725 ad
720 2683 877 2734 negociacionem
930 2707 932 2710 v

117 2755 184 2795 suam3
211 2744 309 2790 ereriqui
323 2758 369 2783 vero
385 2750 491 2793 tenuerunt
506 2758 573 2784 servos
592 2745 634 2783 eius
657 2751 677 2783 et
700 2745 818 2783 contumelia
833 2744 876 2781 affe·
