1837 2928
53 66 79 102 ²0.
92 66 119 100 22.
138 67 165 101 23.
413 67 458 101 Luc.
776 71 814 107 103

55 207 107 232 unus
123 206 148 232 ex
162 194 190 231 eis
206 205 284 231 servum
299 192 406 232 sacerdotis
429 199 449 231 et
469 193 550 233 abstulit
572 208 638 233 aurem
661 193 703 232 eius
719 193 814 231 dextram.

37 283 39 288 2
59 255 83 288 51
102 251 159 288 Dixit
174 258 239 288 autem
254 249 311 287 Iesus
327 248 390 289 Sinite
405 263 466 298 usque
483 251 556 289 adhuc:
576 256 655 290 etcum
670 252 769 298 tetigisset
783 265 816 289 111-

57 307 137 345 riculom
154 307 203 357 eius7
218 306 296 344 sanavit
310 319 360 344 eum.
392 312 417 345 52
433 307 491 345 Dixit
506 315 571 345 autem
581 307 637 346 Iesus
653 307 678 345 ad
693 321 725 345 eos
741 308 775 352 qui
790 307 814 345 ad

58 377 78 402 se
93 368 196 412 venerunt,
212 363 270 409 primi
286 362 397 401 sacerdotes
412 369 432 401 61
452 363 578 411 magistratus
594 363 662 410 templi
684 368 704 401 et
727 364 814 402 seniores

53 418 119 465 *Quasi
135 420 159 457 ad
181 419 276 458 latronem
301 419 383 457 venistis
406 419 430 457 ad
455 434 497 458 me¹
511 433 553 458 cum
578 420 648 467 gladiis
673 425 693 457 et
717 420 813 457 fustibus:

57 481 83 514 53
115 477 187 515 cotidie
202 476 302 515 vobiscum
321 476 351 513 fui
366 476 386 514 in
401 477 481 527 templo⁷
502 490 540 515 non
556 477 674 515 extendistis
689 477 709 514 in
731 489 761 513 me
777 490 815 514 111-

58 544 103 572 nus:
120 533 155 572 sed
170 534 213 572 haec
228 539 259 571 est
273 533 322 571 hora
336 539 403 571 vestra
418 538 438 571 61
452 538 540 580 potestas
556 533 686 572 tenebrarum.
718 535 744 570 54
761 531 815 572 (lom-

54 591 174 637 prehensum
190 596 255 628 autem
272 603 315 628 enm
331 589 428 629 ducebant
443 597 463 629 61
479 591 630 629 introduxerunt
645 591 665 628 in
681 590 738 628 <loma
753 602 814 628 sacer·

58 648 120 692 dotist
135 647 207 685 Petrus
223 660 268 685 voro
284 646 403 692 sequebatur
418 661 428 684 1
443 646 506 694 longe.
523 652 548 686 55
566 647 662 686 Succenso
670 647 714 693 igne
722 647 743 684 in
750 646 814 684 medio

53 705 108 742 atrio
123 704 175 742 inter
190 704 354 741 circumsedentes
370 704 451 742 sedebat
470 710 490 741 61
505 704 579 742 Petrus
604 704 625 741 in
644 704 708 741 medio
728 703 814 741 illorum.

59 765 84 799 56
101 758 164 805 Quem
179 773 223 798 curn
242 760 325 797 vidisset
343 760 413 797 ancilla
427 760 516 805 cpraedam
539 760 639 798 sedentem
662 760 686 797 ad
708 760 772 797 lumen
795 766 815 797 et

57 817 131 855 intuita
146 830 195 862 eum,
213 816 264 854 dixit
278 815 306 853 Et
321 816 353 853 hie
369 830 413 854 cum
427 816 460 854 illo
476 817 532 854 suits
553 817 578 854 57
604 815 637 854 Illi
653 821 717 854 nartem
737 817 815 862 negavit

58 874 124 911 dicens
140 872 218 918 Mulier,
241 872 308 918 ignoro
324 885 373 913 cum.
406 876 432 910 58
455 872 483 910 Et
504 878 550 918 post
571 873 672 919 pussillum
688 872 756 910 videns
771 885 815 909 eum

53 929 108 967 alius
124 928 175 966 dixit
190 928 254 966 Homo
271 934 291 965 61
306 935 328 965 tu
343 928 367 965 dc
382 928 421 966 illis
437 941 463 967 es.
494 929 566 967 Petrus
582 935 647 967 11116111
663 928 714 966 dixit
725 926 814 976 Ohomo‚

54 999 96 1023 <non
111 985 156 1023 novi
170 985 275 1023 hominem.
307 989 332 1022 59
348 983 376 1022 Et
391 990 436 1022 nost
451 985 544 1031 pusillum
558 986 613 1024 horae
628 985 687 1023 unius
695 984 814 1022 contendens

58 1041 138 1087 quidam
154 1041 205 1077 dixit
219 1040 272 1078 Vere
294 1044 315 1077 et
329 1040 362 1077 hic
377 1052 420 1078 cum
436 1054 458 1078 eo
474 1047 525 1079 erat:
551 1055 595 1078 nam
618 1048 638 1078 et
661 1039 753 1078 Galilaeus
777 1047 813 1078 est.

59 1103 85 1135 60
104 1096 141 1135 Gui
157 1097 208 1134 dixit
222 1096 294 1134 Petrus
313 1096 383 1141 Homo,
407 1097 474 1143 ignoro
498 1098 545 1143 quid
565 1098 623 1136 dicas.
654 1096 681 1134 Et
703 1097 766 1134 adbuc
788 1096 814 1134 lo-

53 1159 131 1201 squente
147 1153 179 1192 illo
202 1154 268 1192 statim
291 1153 353 1200 gallus
376 1154 468 1203 cantavit,
500 1158 524 1192 51
556 1161 577 1192 61
598 1166 702 1193 conversus
726 1153 815 1191 dominus

58 1212 143 1250 intuitus
159 1216 189 1249 est
203 1210 291 1259 Petrum,
309 1217 329 1249 61
343 1217 484 1249 rememoratus
500 1217 530 1249 cst
544 1211 617 1250 Petrus
631 1211 726 1249 sermonis
735 1210 814 1260 domini,

59 1270 154 1316 quomodo
182 1268 212 1306 illi
235 1268 285 1306 dixit
307 1268 420 1315 Antequam
442 1269 503 1316 gallus
526 1275 592 1308 cantet
613 1274 644 1308 ter
665 1282 696 1307 me
725 1268 814 1315 negabis:

61 1332 86 1366 52
103 1325 538 1374 616116111116111Ρ6111111161111111116.
570 1331 594 1365 63
618 1326 664 1365 Viri
687 1333 751 1364 autem
768 1326 815 1364 (leti-

59 1389 128 1422 nentes
143 1395 187 1421 eum
209 1382 318 1421 irridebant
339 1383 402 1434 illum,
433 1388 459 1421 64
483 1389 502 1421 et
525 1384 624 1431 alligatum
647 1397 690 1421 eum
713 1383 815 1421 caedebant

53 1448 78 1480 et
93 1441 236 1488 interrogantes
252 1453 296 1478 eum
312 1440 431 1486 Prophetiza
445 1441 509 1488 nobis,
523 1441 567 1488 ciuis
583 1446 602 1479 16
617 1441 729 1488 percussit?
746 1444 771 1478 65
788 1440 816 1478 Et

57 1498 96 1536 alia
114 1498 175 1536 multa
189 1497 347 1543 blasphemantes
363 1497 453 1536 dicebant
468 1498 488 1536 in
504 1511 554 1537 eum
573 1502 597 1536 66
614 1493 679 1536 aaut
695 1498 736 1535 dies
752 1497 816 1535 factus

53 1561 93 1603 est,
123 1559 256 1593 convenerunt
285 1554 374 1592 seniores
396 1555 464 1601 populi
489 1560 509 1592 et
530 1555 628 1603 principes
651 1554 774 1592 sacerdotum
797 1562 817 1591 61

57 1611 126 1651 scribae
142 1617 162 1649 61
177 1611 301 1649 adduxerunt
316 1624 359 1649 euru
375 1612 394 1648 in
411 1624 526 1649 eonsensum
541 1625 604 1660 suum,
621 1612 708 1649 diceutes
721 1610 743 1648 Si
758 1617 781 1648 tu
796 1624 816 1648 es

53 1667 156 1716 Christus,
173 1667 204 1705 dic
219 1667 279 1705 nobis
299 1668 324 1705 et
341 1665 417 1711 Quibus
434 1667 484 1705 dixit
494 1659 521 1704 'Si
536 1668 591 1706 vobis
607 1668 680 1716 dixero,
702 1680 740 1705 non
756 1667 818 1705 credi-

57 1723 153 1762 1111111111.
186 1723 455 1775 581111111116116111616,
478 1737 516 1761 non
536 1724 660 1770 respondetis
682 1724 731 1761 mihi
753 1736 816 1769 neque

58 1781 170 1818 dimittetis.
202 1784 226 1818 55
243 1779 321 1817 Amodo
337 1780 388 1817 cuim
404 1780 443 1817 erit
457 1780 508 1818 filius
516 1780 600 1819 hominis
616 1780 685 1819 sedens
696 1780 720 1817 ad
728 1780 817 1818 dextram

57 1837 138 1874 virtutis
155 1837 192 1874 dei.
225 1839 250 1874 70
273 1835 300 1874 Et
316 1836 408 1874 dixerunt
432 1849 498 1874 omnes
521 1836 552 1874 Tu
577 1849 597 1874 61
622 1849 668 1883 ergo
692 1837 744 1874 filius
769 1837 816 1875 deit

54 1890 135 1938 Quibus
151 1893 179 1930 ait
201 1892 242 1930 Vos
258 1892 331 1943 dicitis,
347 1893 392 1938 quia
408 1905 442 1939 ego
458 1906 506 1930 sum.
539 1894 563 1931 11
594 1892 627 1930 Illi
649 1906 696 1931 vero
724 1893 817 1930 dixerunt

54 1948 112 1995 ‘Quid
126 1949 190 1987 adhuc
208 1962 257 1996 opus
277 1954 308 1987 cst
325 1949 381 1987 vobis
399 1949 526 1988 testimonio?
548 1949 657 1988 audivimus
673 1949 724 1987 enim
739 1949 778 1996 ipsi
793 1949 817 1987 ab

57 2020 92 2045 ore
107 2006 156 2044 eius.
777 2003 779 2008 ’

115 2058 192 2104 XXlll.
229 2062 285 2099 lEt
301 2074 406 2109 exsurgens
422 2063 484 2100 omnis
499 2063 605 2103 multitudo
631 2063 709 2101 illorum
722 2062 818 2102 ducebant

55 2120 143 2160 eumad
162 2118 254 2157 Pilatum.
287 2123 299 2155 2
323 2117 435 2164 Gocperunt
454 2125 519 2157 autem
543 2131 633 2157 accusare
656 2119 744 2157 dicentes
758 2120 818 2157 Hunc

58 2175 168 2213 invenimus
184 2180 305 2212 evertentem
326 2180 404 2220 gentem
426 2181 513 2212 nostram
538 2183 558 2213 et
583 2175 690 2214 solventem
713 2175 775 2221 legem
798 2181 819 2213 61

55 2231 164 2279 prophetas
180 2235 200 2268 61
214 2235 313 2269 vetantem
328 2230 404 2268 tributa
419 2231 462 2269 dari
477 2233 546 2270 caesari
561 2232 658 2269 dicentem
673 2244 693 2269 se
709 2244 751 2269 esse
763 2230 818 2269 01111-

55 2296 111 2326 stum
127 2301 198 2334 regem.
215 2292 225 2325 3
242 2286 320 2325 Pilatus
335 2293 400 2325 autem
416 2288 636 2335 audiensinterrogavit
651 2301 694 2325 eum
710 2288 776 2326 dicens
787 2288 818 2325 Γ1111

55 2359 80 2384 -es
95 2358 130 2383 rex
145 2344 264 2393 ludaeorum,
287 2349 310 2382 tu
331 2357 351 2382 es
374 2344 446 2382 Iesus?
468 2345 595 2393 Respondens
619 2345 669 2383 dixit
693 2345 724 2383 Tu
742 2344 816 2384 dixisti.

60 2407 72 2442 4
88 2403 147 2442 Dixit
161 2402 228 2448 itaque
243 2400 320 2440 Pilatus
336 2400 360 2439 ad
375 2401 487 2441 sacerdotes
503 2408 523 2441 61
543 2403 568 2442 ad
590 2402 682 2451 pertulum
702 2401 769 2441 Niehil
790 2402 818 2441 in-

60 2462 116 2500 venio
132 2473 197 2499 causae
213 2461 233 2498 in
251 2460 289 2497 isto
304 2459 389 2498 homine.
421 2465 432 2498 5
458 2460 492 2499 Illi
506 2474 553 2500 vero
568 2460 715 2501 invalescebant
731 2460 817 2499 dicentes

61 2518 158 2564 Quoniam
173 2517 277 2556 conturbat
291 2516 384 2564 populum
400 2516 470 2556 docens
485 2531 521 2565 per
536 2524 598 2557 totam
613 2518 701 2557 iudaeam
722 2518 817 2565 iucipiens

57 2590 72 2614 a
87 2574 170 2614 Galilaea
184 2587 246 2622 usque
261 2574 299 2612 hue
315 2579 335 2612 61
350 2573 400 2612 111161
415 2581 493 2621 nostros
516 2582 536 2614 61
550 2588 621 2615 uxores
643 2576 716 2614 avertit
736 2575 817 2614 anobis

60 2642 99 2671 non
115 2633 166 2670 enim
180 2632 292 2679 baptizatur
307 2631 359 2669 sicut
373 2644 415 2669 nos.
446 2636 457 2669 5
482 2631 531 2671 (lum
554 2633 641 2671 audisset
661 2638 726 2671 autem
740 2631 818 2671 Pilatus

60 2704 72 2728 1
87 2688 170 2729 Galilaea
185 2688 313 2736 interrogavit
328 2687 345 2726 si
360 2686 384 2725 de
400 2686 483 2726 Galilaea
498 2696 528 2727 est
543 2690 585 2737 ipse
600 2690 664 2739 homo,
697 2688 759 2729 rm
774 2703 818 2729 curn

57 2749 184 2794 cognovisset
206 2746 298 2793 quoniam
318 2744 353 2784 sub
375 2750 474 2791 potestate
490 2745 576 2786 Herodis
598 2753 629 2786 est
650 2747 705 2786 misit
727 2760 772 2786 eum
794 2747 818 2785 ad
