1869 2914
450 44 484 81 Eu,
497 55 535 80 sec.
815 47 836 83 G·
849 46 865 81 2.

548 93 555 110 l

161 168 186 213 ll.
218 176 226 209 1
245 171 328 210 Factum
344 178 375 211 est
390 177 456 211 autem
471 172 492 210 in
507 171 546 210 illis
566 171 634 211 diebus
657 173 719 212 exivit
742 173 829 212 edictum
854 188 865 213 1

103 243 176 268 caesare
192 228 283 276 Augusto
299 236 322 268 ut
338 230 482 269 describeretur
496 229 600 269 universus
623 230 676 270 orbis
696 237 766 270 terrae:
784 235 796 269 2
820 232 864 270 haec

102 287 199 334 professio
215 287 279 333 prima
294 287 347 325 facta
362 293 392 325 est
406 286 491 333 praeside
503 284 567 331 Syriae
576 285 659 332 cyrino:
678 292 688 325 3
705 293 726 326 et
732 287 788 327 ibant
797 301 863 327 omnes

103 350 126 382 ut
141 344 281 390 profiterentur
296 343 368 391 singuli
382 344 403 382 in
418 357 473 382 suam
488 343 594 384 civitatem.
622 346 634 381 4
650 344 748 383 Ascendit
763 350 829 384 autem
844 352 865 384 et

103 401 177 448 loseph
192 415 203 439 a
220 400 301 440 Galilaea
324 402 348 439 de
370 401 450 439 civit-ate
465 400 566 439 Nazareth
587 402 608 439 in
623 400 699 452 Iudaea,
721 402 742 439 in
764 403 865 441 civitatem

103 459 169 497 David
185 471 229 506 qnae
243 463 325 497 uocatur
340 458 451 509 Bethleem,
467 471 490 497 eo
506 458 558 504 quod
573 464 626 496 esset
641 459 665 496 de
682 459 738 497 domo
754 465 775 497 et
789 460 865 498 familia

103 516 174 565 David,
199 520 250 553 5ut
265 515 392 562 profiteretur
406 529 450 553 cum
465 528 526 553 uxore
542 528 577 553 sua
591 521 712 563 praegnante.
744 521 755 554 1
780 516 865 555 Factum

104 579 134 611 est
149 577 215 611 autem
230 585 274 610 oum
285 578 351 610 essent
365 572 400 618 ibi,
416 572 493 618 impleti
509 578 555 610 sunt
570 572 611 610 dies
626 579 650 610 ut
664 578 749 623 pareret,
765 566 778 611 71
795 580 815 612 11
829 587 864 620 pe-

102 630 155 677 perit
169 629 231 667 filium
245 629 404 680 primogenitum,
420 636 441 667 11
455 629 525 675 pannis
541 643 585 667 eum
601 629 686 668 involvit
701 637 722 668 et
736 630 804 676 posuit
819 644 864 669 eum

102 686 521 736 1111111111,111111111111111111
542 686 656 725 diversorio.
690 691 700 725 8
731 687 760 726 Et
775 693 864 734 pastores

102 749 159 782 erant
166 744 187 781 in
195 743 314 791 illaregione
321 744 426 791 vigilantes
435 749 455 782 11
462 742 596 782 custodientes
602 743 679 791 vigilias
688 744 750 783 noctis
759 757 864 792 supragra-

102 814 219 848 gemsuum.
245 806 255 839 11
274 801 302 839 Et
317 814 361 839 ecce
375 801 454 848 angelus
465 800 538 839 domini
549 802 606 839 stetit
620 800 732 851 circuitos,
752 809 772 840 et
784 801 864 840 claritas

104 859 136 896 dei
147 858 278 896 circumfulsit
287 858 338 908 illos,
347 864 367 896 et
374 859 483 896 timuerunt
491 858 561 896 timore
569 871 644 905 magno.
656 857 717 896 1111
727 858 778 897 dixit
785 858 824 897 illia
833 872 864 897 an-

103 915 158 963 gelus
169 915 237 953 Nolite
247 915 326 953 timere:
340 929 385 954 ecce
401 916 453 953 enim
468 915 578 961 evangelizo
593 915 649 953 uobis
664 916 757 962 gaudium
767 929 864 965 magnum,

104 972 156 1019 quod
167 973 206 1010 erit
216 973 268 1010 omni
278 971 336 1022 plebi,
358 976 382 1010 11
402 973 448 1019 quia
466 977 523 1009 natus
539 976 570 1009 est
580 971 636 1010 vobis
647 972 705 1010 hodie
720 972 812 1025 salvator,
831 974 865 1020 qui

103 1027 233 1067 estOhristns
250 1029 339 1067 dominns
354 1029 375 1067 in
390 1029 471 1067 civitate
486 1028 557 1067 David.
583 1033 608 1066 12
624 1028 652 1066 Et
667 1029 863 1077 hoovobissignum:

102 1086 211 1125 Invenietis
234 1086 329 1124 infantem
344 1086 414 1133 pannis
436 1086 546 1124 inuolutum
569 1091 590 1123 et
611 1086 697 1131 positum
716 1087 737 1125 in
759 1087 862 1134 praesepio,

105 1148 129 1182 13
151 1143 179 1182 Et
193 1143 259 1181 subito
275 1143 328 1181 facta
343 1149 373 1182 est
389 1156 432 1181 cum
448 1143 515 1190 angelo
532 1142 638 1180 multitudo
654 1144 763 1192 excercitus
779 1144 864 1183 caelestis

103 1200 206 1239 laudantes
223 1201 279 1238 deum
296 1206 317 1238 et
332 1200 419 1239 dieentes
437 1202 462 1238 14
479 1199 548 1239 Gloria
562 1200 583 1237 in
599 1200 701 1239 altissimis
717 1202 759 1251 deo,
784 1206 805 1240 et
826 1215 864 1248 pax

103 1259 123 1296 in
140 1266 194 1296 terra
208 1257 320 1296 hominibus
336 1257 393 1296 bonae
408 1257 522 1295 voluntatis.
555 1260 579 1294 15
610 1256 638 1294 Et
658 1257 732 1295 factum
748 1263 779 1296 est
792 1264 816 1296 ut
827 1258 865 1296 dis-

103 1315 196 1354 cessisset
211 1315 234 1353 ab
250 1314 289 1352 illis
306 1314 385 1362 angelus
400 1315 421 1352 in
436 1313 512 1361 caelum,
536 1319 557 1351 et
576 1313 605 1351 illi
620 1320 709 1360 laustenes
732 1314 825 1353 dixerunt
840 1316 864 1353 ad
905 1332 907 1335 ’

102 1373 187 1410 inuicem
203 1372 334 1411 Transeamus
355 1384 417 1419 usque
432 1371 536 1409 Bethleem
560 1375 580 1408 et
602 1371 703 1409 videamus
723 1372 760 1410 hoc
782 1372 864 1411 verbum

104 1429 156 1475 quod
171 1430 245 1467 factum
261 1435 297 1478 est,
314 1430 366 1467 siout
382 1429 471 1466 dominus
487 1427 574 1467 ostendit
589 1428 651 1468 nobis.
684 1432 708 1467 16
724 1428 753 1467 Et
766 1435 864 1467 venerunt

103 1487 227 1536 festinantes,
244 1494 264 1524 et
279 1487 397 1524 invenerunt
411 1485 494 1523 Mariam
510 1491 531 1523 et
545 1484 618 1531 Ioseph
634 1492 654 1523 et
666 1486 762 1524 infantem
776 1487 863 1532 positum

103 1545 124 1582 in
139 1544 242 1590 praesepio.
276 1546 300 1581 17
316 1543 344 1581 Et
359 1549 491 1590 cognoverunt
507 1542 530 1579 de
545 1541 604 1580 verbo
621 1543 673 1587 quod
688 1544 763 1582 dictum
779 1550 809 1581 est
824 1543 863 1582 illis

103 1601 126 1639 de
142 1613 203 1647 puero
219 1601 263 1639 hoc.
294 1603 319 1638 18
344 1600 373 1638 Et
393 1613 459 1638 omnes
475 1600 508 1646 qui
524 1598 628 1637 audierant
643 1601 709 1638 mirati
732 1604 777 1638 sunt
792 1600 816 1638 de
831 1600 862 1639 his

103 1670 147 1706 quae
163 1658 217 1696 dicta
232 1663 288 1695 erant
303 1670 314 1695 1
329 1657 441 1704 pastoribus
457 1656 482 1694 ad
497 1657 562 1703 ipsust
581 1661 604 1695 19
621 1657 686 1695 Maria
700 1670 747 1696 vero
763 1670 864 1696 conserva-

103 1715 138 1754 bat
153 1715 218 1754 omnia
233 1715 292 1753 verba
307 1714 350 1753 haec
366 1714 468 1753 conferens
483 1715 504 1752 in
527 1713 584 1752 corde
607 1727 649 1752 suo.
680 1719 707 1753 20
737 1714 766 1752 Et
788 1716 863 1753 reversi

103 1776 260 1822 111111111111,
280 1772 426 1819 magnificantes
443 1776 463 1809 et
485 1771 587 1810 laudantes
611 1771 709 1809 dominum
730 1771 751 1809 in
773 1771 863 1811 omnibus

102 1842 145 1877 quae
162 1829 265 1868 audierant
281 1835 301 1867 et
315 1829 408 1868 uiderant
423 1829 475 1867 sieut
491 1829 604 1869 dictasunt
619 1828 644 1866 ad
659 1828 709 1867 illos.
726 1830 752 1866 21
768 1828 863 1877 1111111-

103 1900 160 1933 quam
177 1886 306 1924 consummati
322 1891 369 1924 sunt
384 1886 426 1923 dies
442 1892 485 1924 octo
500 1891 524 1922 ut
539 1885 719 1935 circumcideretur,
733 1891 825 1924 vocatum
833 1892 864 1924 est

102 1957 172 1982 nomen
189 1944 231 1981 eius
246 1943 311 1992 lesus7
337 1942 389 1988 quod
404 1948 495 1980 vocatum
511 1948 542 1980 cst
557 1941 580 1980 ab
596 1942 663 1988 angelo
686 1943 741 1989 prius
764 1955 822 1988 quam
842 1942 863 1980 in

102 2007 160 2039 utero
177 2001 318 2046 conciperetur.
335 2003 362 2036 22
377 1999 404 2037 111
420 2004 524 2046 postquam
539 1998 615 2046 impleti
631 2004 677 2037 sunt
699 1999 741 2037 dies
764 1999 864 2047 purgacio-

103 2059 134 2096 nis
150 2058 193 2095 eius
209 2057 315 2094 seeundum
330 2056 392 2103 legem
407 2056 479 2107 canysi,
501 2056 590 2094 tulerunt
605 2055 660 2094 illum
681 2056 702 2094 in
717 2056 824 2095 Ierusalem
840 2064 864 2095 ut

103 2116 198 2153 sisterent
213 2127 257 2152 eum
273 2114 357 2162 domino,
374 2118 400 2151 23
417 2114 469 2151 sicut
484 2114 579 2160 scriptum
594 2119 625 2152 111
640 2115 660 2152 11
675 2113 717 2161 lege
728 2114 801 2152 domini
817 2114 864 2160 quia

103 2186 158 2211 omne
181 2171 290 2209 masculum
312 2171 364 2217 quod
387 2171 451 2217 operit
473 2171 553 2210 vulvam
575 2176 664 2209 sanctum
692 2171 724 2209 dei
753 2171 862 2221 vocabitur,

103 2232 130 2268 24
146 2228 457 2267 1111[11111111111111111111
476 2228 596 2266 dictumest
617 2229 638 2266 in
660 2228 702 2275 lege
725 2228 806 2277 domini,
828 2241 864 2274 par

103 2292 204 2325 turturum
219 2291 254 2324 aut
269 2286 318 2323 duos
333 2284 396 2331 pullos
412 2284 550 2324 columbarum.
566 2289 593 2323 24
608 2285 636 2323 Et
652 2298 695 2323 ecce
712 2291 755 2323 erat
769 2286 827 2323 homo
843 2285 863 2323 in

101 2344 210 2383 lerusalcm
226 2343 258 2381 cui
273 2355 343 2380 nomen
359 2340 499 2393 eratSymeom
516 2349 536 2381 et
550 2343 583 2380 hic
597 2343 655 2380 homo
670 2343 735 2381 iustus
751 2347 771 2380 et
786 2342 864 2380 timora-

102 2409 142 2450 tus,
154 2407 259 2447 expectans
273 2399 426 2438 consolacionem
434 2398 503 2448 Israel,
520 2406 540 2438 et
550 2400 631 2446 spiritus
640 2405 719 2437 sanctus
727 2404 770 2437 erat
777 2399 798 2436 in
808 2399 863 2451 ips03

102 2463 128 2497 26
159 2470 275 2504 responsum
290 2462 356 2495 autem
372 2461 474 2503 acceperat
495 2470 506 2494 1
528 2457 601 2504 spiritu
616 2462 689 2505 sancto,
715 2469 754 2494 non
775 2456 864 2494 visurum

103 2529 123 2554 se
139 2521 223 2554 mortem
238 2514 277 2552 nisi
292 2514 346 2560 prius
362 2513 439 2551 videret
454 2511 555 2552 Christum
571 2514 676 2552 dominum.
701 2514 726 2551 27
742 2512 771 2551 111-
785 2513 817 2552 hic
832 2526 864 2552 ve-

102 2574 132 2610 nit
147 2573 167 2611 in
184 2573 256 2619 spiritu
271 2572 292 2610 in
308 2570 393 2618 templo:
417 2576 437 2609 et
460 2584 504 2609 oum
527 2570 622 2611 ducerent
644 2583 725 2617 puerum
741 2570 807 2609 Iesum
830 2581 864 2617 pa-

102 2634 168 2667 rentes
185 2630 227 2668 eius
242 2634 265 2667 ut
280 2629 368 2666 facerent
390 2627 497 2666 secundum
519 2627 681 2668 consuetudinem
703 2628 751 2675 legis
774 2642 809 2675 pro
833 2641 863 2680 eo,

103 2690 129 2724 28
153 2692 174 2724 et
188 2687 230 2732 ipse
246 2686 323 2733 accepit
345 2698 389 2723 eum
408 2685 429 2723 in
444 2698 512 2723 manus
528 2698 573 2724 suas
596 2691 617 2723 et
638 2685 739 2724 benedixit
762 2685 820 2723 deum
843 2692 864 2723 11

103 2743 164 2781 dixit:
181 2748 207 2781 29
223 2743 281 2781 Nunc
297 2743 381 2781 dimittis
396 2755 474 2781 servum
489 2748 552 2794 tuum⁷
568 2743 651 2792 domine,
668 2743 774 2781 seeundum
782 2742 864 2782 verbum
