1869 2914
31 52 33 55 *
84 51 108 85 35
441 40 476 76 Ev.
489 50 524 76 000.
783 40 803 76 O.
817 40 841 75 26

84 170 120 208 tibi
136 167 188 216 quod
203 168 239 205 hae
255 173 313 206 nocte
329 175 374 206 ante
400 182 459 215 quam
481 168 542 215 gallus
564 173 630 206 cantet
654 175 685 207 ter
707 182 737 207 me
760 167 841 216 negabis

83 231 107 265 35
125 225 162 262 Ait
178 224 207 263 illi
222 225 296 263 Petrus
312 225 397 263 Etiamsi
413 227 523 272 oportuerit
538 238 568 263 me
594 226 645 263 mori
668 232 739 275 tecum,
762 239 801 263 non
821 231 841 263 10

82 281 162 329 negabo.
193 281 290 320 Similiter
305 289 325 320 et
341 295 406 320 001000
427 282 518 328 discipuli
540 282 638 321 dixerunt.
660 287 685 321 36
710 282 765 321 Tunc
787 282 842 322 00011

81 339 138 378 10000
162 339 261 377 cumillis
277 339 297 376 in
315 339 412 386 praedium
432 338 484 387 quod
507 339 580 377 dicitur
602 337 724 391 Gessamani7
748 346 769 378 et
791 339 842 378 dixit

82 397 185 443 discipulis
201 397 243 434 suis
259 394 329 433 Sedete
344 396 377 433 liic
393 395 454 434 donec
470 410 492 434 00
508 397 554 434 11100
570 410 632 435 orare.
654 397 680 435 37
696 396 724 434 Et
738 402 841 443 ussumpto

80 454 142 492 Petro
159 460 179 491 et
194 453 269 491 duobus
284 453 329 490 111110
345 452 437 491 Zebedaei
458 454 523 500 coepit
538 454 651 492 contristari
667 458 687 492 et
701 460 776 492 mestus
792 466 841 492 0000.

82 515 107 549 38
124 510 179 550 Tunc
195 511 223 548 ait
237 509 277 547 illis
293 509 366 564 Tristis
382 516 413 548 est
428 511 493 548 anima
513 524 557 549 mea
576 522 639 558 usque
654 510 679 549 ad
694 516 787 549 mortem:
810 523 841 548 su·

81 569 153 606 stinete
169 567 201 605 hic
217 573 237 605 et
251 566 332 613 vigilate
347 580 430 605 mecum¹
458 571 483 605 39
499 567 527 606 Et
542 580 656 615 progressus
671 567 765 614 pusillum
780 568 842 614 proci-

81 625 111 663 dit
126 625 146 662 in
162 624 232 662 faciem
248 636 302 662 suam
318 637 375 662 orans
392 629 411 662 et
427 624 494 662 dicens
508 625 570 662 Pater
593 638 654 668 meus.
671 624 688 662 si
710 625 753 663 fieri
775 630 842 671 potest

81 682 168 719 transfer
183 694 194 718 a
209 694 239 718 me
255 680 334 719 calicem
350 682 421 732 istum3
436 695 504 719 verum
520 689 585 719 tamen
600 695 639 720 non
649 682 701 720 sicut
711 681 797 729 egovolo
808 681 843 720 sed

82 740 133 777 01001
148 745 171 776 tu
179 738 215 776 vis.
232 741 258 776 40
275 737 303 776 Et
317 739 372 776 venit
387 738 412 776 ad
427 738 533 784 discipulos
549 751 594 777 suos
603 745 623 776 et
638 739 714 777 1000011
729 751 762 777 000
772 738 843 776 dormi·

82 802 144 846 entes,
162 802 182 833 et
205 795 233 833 ait
247 794 308 833 Petro
324 796 352 833 sic
367 795 413 833 Non
431 796 525 842 potuistis
540 809 579 833 una
593 796 642 834 liora
656 795 737 843 vigilare
752 797 842 834 mecum?

81 852 171 900 Vigilate
187 858 207 890 et
222 858 277 890 orate
292 859 315 890 ut
325 866 363 890 non
374 853 453 891 intretis
464 853 483 890 10
495 854 656 900 temptacioncm:
673 854 754 899 spiritus
763 853 842 898 quidem

82 917 185 956 promptus
202 914 237 957 est,
255 921 300 948 caro
316 915 382 947 autem
397 909 479 947 infirma.
503 912 530 947 42
546 909 622 948 Iterum
645 910 729 948 secundo
751 909 801 947 abiit
823 915 843 947 01

83 967 148 1004 000011
163 966 229 1004 (110000
244 965 311 1015 Pater,
336 966 353 1003 si
375 978 414 1003 non
436 971 503 1012 potest
525 965 557 1003 hic
577 965 627 1004 calix
649 966 733 1004 transire
754 966 793 1003 nisi
815 964 843 1004 bi·

83 1023 128 1061 bam
144 1022 205 1067 illumy
221 1022 256 1059 fiat
271 1022 361 1060 voluntas
377 1028 417 1059 tua.
441 1025 467 1059 43
484 1021 512 1059 Et
526 1022 582 1059 00011
596 1022 669 1060 iterum
684 1029 704 1060 et
719 1023 842 1060 1000011000

83 1079 213 1128 dormientes·³
229 1085 286 1116 erant
301 1078 353 1116 enim
368 1078 419 1117 oculi
434 1092 502 1116 eorum
517 1079 599 1125 gravati.
621 1081 649 1116 44
671 1078 699 1116 Et
713 1079 788 1117 relictis
803 1078 842 1116 illis

83 1138 155 1174 iterum
171 1135 220 1173 abiit
235 1141 256 1173 et
271 1135 335 1173 oravit
351 1135 413 1173 tercio
429 1135 512 1172 eundem
528 1148 637 1173 sermonem
653 1136 724 1174 dicens.
744 1138 770 1173 45
788 1135 842 1173 Tunc

83 1193 139 1230 00011
153 1193 179 1229 ad
194 1191 300 1238 discipulos
316 1203 361 1229 0000
377 1198 398 1230 01
413 1192 462 1229 dicit
476 1191 515 1229 illis
523 1191 614 1230 Dormite
629 1192 667 1229 ianr
683 1192 853 1237 01000010001101,

83 1260 128 1286 ecce
144 1248 379 1297 appropinquantem,
406 1254 427 1285 01
448 1247 500 1285 filius
515 1248 599 1285 hominis
620 1249 710 1285 tradet-ur
731 1249 752 1286 in
774 1260 842 1285 manus

82 1312 213 1353 peccatorum.
237 1307 263 1341 45
289 1303 374 1352 Surgita
396 1314 475 1342 eamus:
500 1315 544 1341 ecce
570 1305 734 1350 appropinquavit
756 1301 791 1351 qui
812 1316 842 1341 me

82 1361 155 1400 tradet.
189 1362 216 1398 41
240 1360 314 1398 Adhuc
337 1360 380 1406 ipso
402 1360 501 1410 loquente,
527 1371 571 1398 0000
594 1359 654 1398 Iudas
676 1374 727 1398 unus
752 1360 775 1397 de
797 1359 843 1398 XII

82 1418 143 1468 venit,
160 1416 570 1464 0100010010010100110000101001110
593 1422 614 1455 et
635 1417 729 1467 fustibus,
751 1417 807 1454 missi
831 1430 843 1454 a

83 1474 204 1522 principibus
220 1474 343 1513 sacerdotum
359 1480 379 1512 01
395 1473 504 1512 0001001100
519 1473 588 1520 plebis.
605 1476 631 1512 48
648 1472 687 1520 Qui
702 1480 767 1513 autem
782 1473 843 1512 tradi·

84 1533 114 1571 dit
129 1532 190 1583 illum,
213 1531 268 1570 dedit
283 1531 321 1570 illis
337 1531 413 1579 signum
429 1531 494 1570 dicens
511 1529 650 1580 Quemcunque
665 1532 764 1570 osculatus
778 1531 842 1576 fuero,

83 1591 125 1637 ipse
141 1596 177 1640 est,
194 1595 260 1628 tenete
276 1603 326 1627 eum.
351 1592 376 1627 49
392 1588 421 1626 Et
436 1589 539 1628 confestim
554 1584 694 1628 aecedens'ad
709 1589 775 1628 Iesum
791 1589 842 1627 dixit
868 1624 870 1627 ,

82 1650 126 1687 Αο0
157 1647 218 1696 rabbi,
243 1653 263 1686 01
287 1646 386 1685 osculatus
412 1653 442 1684 est
467 1659 516 1685 euml
554 1651 580 1686 50
606 1647 702 1694 Dixitque
724 1646 754 1685 illi
777 1646 841 1695 lesus,

82 1705 115 1743 Ad
131 1705 178 1751 quid
192 1705 265 1743 0001011
281 1705 355 1742 amice?
382 1703 438 1742 Tunc
453 1711 577 1742 accesserunt
600 1710 621 1742 et
642 1705 752 1743 iniecerunt
774 1718 842 1742 manus

82 1764 102 1800 in
120 1761 187 1800 lesum
203 1768 223 1799 et
238 1768 345 1800 tenuerunt
359 1774 410 1799 eum.
434 1766 458 1799 51
482 1760 510 1799 Et
525 1773 569 1800 ecce
584 1775 635 1800 0000
651 1773 676 1800 ex
689 1762 721 1800 1010
737 1761 771 1807 qui
786 1769 842 1799 erant

83 1831 125 1857 cum
141 1819 188 1857 lesu
203 1819 310 1857 extendens
325 1831 404 1856 manum
420 1819 493 1856 eremit
507 1819 593 1865 gladium
616 1831 678 1867 suum,
702 1825 723 1856 01
744 1819 842 1865 percussit

83 1889 162 1914 servum
176 1876 271 1923 principis
287 1875 410 1913 sacerdotum
426 1877 535 1922 amputavit
550 1875 657 1912 auriculam
673 1875 721 1915 eius.
744 1879 770 1912 52
786 1875 842 1913 Tunc

84 1934 113 1971 ait
127 1933 157 1970 illi
171 1932 228 1971 10000
238 1932 334 1971 Converte
349 1931 435 1977 gladium
450 1938 506 1969 tuum
521 1933 541 1970 in
556 1931 621 1970 locum
631 1942 699 1970 suum:
715 1945 781 1970 omnes
790 1932 842 1970 eninr

84 1990 118 2035 qui
134 1990 232 2035 accipiunt
246 1989 331 2036 gladium
347 1988 410 2033 gladio
433 1988 530 2034 peribunt.
558 1993 583 2026 53
607 1989 650 2026 Aut
672 2002 710 2026 non
730 1994 788 2035 putas
811 2002 841 2026 me

84 2059 142 2093 posse
157 2059 225 2091 rogare
241 2051 316 2092 patrem
332 2057 396 2082 meum
411 2045 468 2083 modo
484 2052 505 2083 et
526 2045 627 2083 exhibebit
649 2045 698 2083 mihi
720 2046 764 2093 plus
784 2057 842 2093 quam

84 2103 187 2142 duodecim
195 2103 256 2140 millia
271 2102 356 2149 legiones
372 2101 497 2148 angelorum?
514 2105 540 2140 54
557 2100 658 2148 Quomodo
675 2116 720 2150 ergo
735 2103 842 2149 implebun-

83 2169 118 2199 tur
139 2161 244 2206 scripturae
260 2160 306 2205 quia
320 2159 349 2196 sic
364 2165 442 2205 oportet
456 2159 513 2197 fieri?
530 2164 554 2197 55
571 2160 596 2198 10
611 2160 644 2197 illa
659 2161 708 2198 hora
723 2157 774 2200 dixit
784 2160 841 2199 10000

84 2216 147 2256 turbis
163 2217 270 2264 Tamquam
286 2217 310 2254 ad
325 2215 421 2254 latronem
435 2216 516 2255 venistis
532 2217 557 2254 ad
572 2230 602 2255 me
618 2228 662 2255 cum
671 2216 742 2264 gladiis
758 2217 842 2255 etfusti-

83 2275 119 2313 bus
135 2273 300 2321 comprehendere
323 2282 364 2310 me:
386 2273 458 2311 cotidie
480 2274 531 2319 apud
553 2287 588 2312 000
611 2274 702 2313 sedebam
725 2275 745 2312 in
768 2274 841 2320 templo

83 2332 154 2370 docens
170 2336 190 2369 et
205 2344 244 2369 non
259 2343 289 2368 me
305 2330 404 2368 tenuistis
421 2335 447 2368 51
463 2330 508 2368 Hoc
523 2336 589 2369 autem
604 2337 669 2369 totum
683 2331 758 2368 factum
773 2337 805 2368 est
818 2337 842 2368 ut

83 2388 201 2435 impleantur
216 2387 320 2433 scripturae
335 2387 481 2433 prophetarum.
512 2388 568 2425 Tunc
583 2387 675 2434 discipuli
690 2400 756 2425 omnes
772 2387 841 2425 relicto

83 2459 104 2484 eo
120 2446 218 2492 fugerunt.
238 2446 264 2482 57
281 2445 310 2482 At
324 2443 354 2480 illi
369 2450 458 2482 tenentes
469 2443 536 2482 Iesum
551 2445 650 2482 duxerunt
666 2455 709 2481 eum
721 2443 745 2482 ad
754 2442 841 2491 caiphan

82 2504 191 2549 principem
214 2501 345 2550 sacerdotum,
370 2501 404 2539 ubi
434 2501 504 2539 scribae
535 2508 555 2539 et
584 2501 673 2539 seniores
703 2508 840 2541 convenerant.

83 2564 108 2598 58
126 2560 198 2597 Petrus
214 2566 279 2597 autem
295 2557 414 2604 sequebatur
429 2571 473 2596 eum
493 2559 574 2605 alonge
589 2571 651 2604 usque
666 2558 687 2595 in
702 2559 774 2596 atrium
789 2559 841 2606 prin-

82 2617 131 2662 cipis
148 2616 281 2654 saecrdotum:
298 2622 319 2652 01
333 2616 433 2661 ingressus
448 2617 500 2653 intro
516 2615 597 2653 sedebat
612 2627 656 2652 cum
666 2615 761 2653 ministris
776 2621 799 2654 ut
814 2617 842 2653 01-

83 2674 139 2711 deret
149 2673 212 2711 finem.
229 2678 255 2711 21
271 2672 375 2718 Principes
384 2677 448 2710 autem
457 2673 580 2710 sacerdotum
589 2681 609 2710 et
616 2673 729 2711 universum
738 2673 841 2711 concilium

82 2732 197 2777 quaerebant
212 2730 283 2768 falsum
291 2729 425 2767 testimonium
435 2730 528 2768 adversus
539 2729 612 2779 Iesum,
627 2735 651 2767 01
659 2742 702 2767 eum
710 2731 769 2768 morti
778 2729 841 2768 trade-
