1869 2914
102 35 128 70 84
447 30 482 65 Ev.
496 40 532 67 see.
755 32 774 67 O.
787 32 814 66 10.
831 34 869 78 11.-

99 156 204 194 voluerunt
218 157 286 195 videre
302 169 346 204 quae
361 170 396 195 166
412 157 491 205 videtis,
508 163 528 195 et
543 171 582 195 non
589 157 687 206 viderunt,
704 163 725 195 et
740 157 860 206 andirequae

99 212 179 263 auditis,
197 219 217 251 et
232 227 270 252 non
286 215 397 253 audierunt.
429 218 454 251 25
481 214 510 251 Et
524 214 567 252 haee
583 227 605 252 eo
621 214 698 252 dicente
714 225 758 252 ecce
774 215 861 253 surrexit

100 270 180 315 quidam
195 271 243 318 legis
260 271 328 309 doctor
343 275 441 316 temptans
457 283 501 308 eum
517 277 537 308 et
552 271 618 309 diceus
633 271 734 321 Magister,
753 271 801 317 quid
815 272 861 310 faci·

99 339 133 364 ens
148 328 210 365 1116111
226 334 319 366 aeternam
335 328 457 372 consequar?
474 331 499 365 26
516 327 562 374 Ipse
577 328 645 374 itaque
661 328 712 366 dixit-
727 328 751 366 ad
766 328 821 366 illum
835 329 860 366 Iu

99 383 140 430 lege
157 384 205 431 quid
220 385 316 431 scriptum
331 386 376 421 est?
392 383 489 430 quomodo
504 383 567 431 legis?
598 386 624 422 27
650 384 679 422 Ε1
693 384 726 423 1116
741 385 860 431 respondens

99 440 151 478 dixit
165 441 195 479 illi
209 442 284 488 Diliges
300 441 400 479 dominum
415 440 471 478 deum
488 447 544 478 tuum
566 441 586 478 in
609 446 650 479 toto
671 441 728 479 corde
744 448 778 480 tuo
794 447 814 480 et
836 454 861 480 ex

98 503 141 535 1616
156 499 220 535 anima
235 504 269 535 tua
285 503 305 535 et
319 498 340 535 in
355 497 408 535 omni
423 497 540 535 fortitudine
560 503 594 535 tua
617 506 638 535 et
659 497 727 544 diliges
749 499 860 544 proximum

98 560 154 591 tuum
183 561 281 600 tamquam
304 554 396 600 teipsum.
435 557 461 591 28
489 553 548 591 Dixit
570 554 599 591 illi
622 554 688 599 itaque
718 554 775 592 Iesus
797 554 860 593 Recte

98 611 229 656 respondisti:
246 611 283 648 hoc
298 611 335 659 fae,
352 616 373 648 et
387 610 447 648 vives
480 614 505 648 29
537 609 574 648 Ille
597 617 663 648 autem
686 611 860 649 1616166611611-

97 667 155 704 ficare
171 667 222 704 dixit
238 667 263 705 ad
277 666 344 705 Iesum
360 665 409 712 Quis
426 672 456 704 est
470 666 519 704 mihi
535 667 651 712 proximus?
668 671 693 705 30
706 666 860 714 Suscipiensau·

97 729 137 761 tem
144 723 201 761 166116
218 724 268 762 dixit
275 724 341 762 Homo
357 723 436 770 quidam
452 723 582 761 descendebat
592 723 615 761 ab
623 723 732 761 Ierusalem
742 725 762 761 in
774 723 859 775 Iericho7

97 788 117 818 et
132 781 202 818 incidit
217 781 238 819 in
258 781 351 825 latrones,
375 781 409 828 qui
424 780 530 826 spoliatum
551 780 613 830 illum,
635 786 655 818 et
677 780 738 827 plagis
761 781 859 827 impositis

98 837 212 875 abiecerunt
227 838 323 875 seminum
338 837 461 875 dimittentes
475 850 525 875 eum.
542 841 566 875 31
586 835 669 882 Quidam
681 837 771 875 sacerdos
782 838 860 876 descen-

98 893 158 932 debat
172 894 225 932 illam
240 895 298 940 riam¹
316 898 336 931 et
350 894 419 932 videns
434 893 490 930 illum
505 894 623 939 praeterivit.
641 898 666 931 32
683 893 779 932 Similiter
794 894 860 932 61116-

97 951 145 996 rita,
163 962 206 988 cum
221 951 309 988 venisset
324 950 348 987 ad
363 950 446 988 eundem
461 949 525 987 locum
541 956 561 987 et
575 950 653 987 videret
674 951 786 996 praeterivit
808 964 859 988 eum.

99 1011 123 1044 33
141 1005 276 1044 Samaritanus
299 1018 347 1044 vero
368 1006 446 1053 quidam
462 1006 501 1043 iter
517 1019 575 1052 agens
597 1006 653 1043 venit
675 1019 731 1044 secus
753 1006 814 1056 illum,
839 1014 860 1044 et

97 1076 139 1101 eum
155 1064 240 1101 vidisset
255 1064 348 1101 misertus
364 1070 395 1101 est
410 1063 435 1111 ei,
453 1066 479 1100 34
495 1070 516 1100 et
531 1063 614 1100 accessit
629 1068 650 1100 et
671 1062 758 1109 alligavit
778 1064 859 1101 vulnera

97 1121 139 1158 eius
155 1121 261 1158 infundens
278 1120 341 1158 oleum
363 1126 383 1157 et
404 1120 478 1167 11111111]ΙᾸ
502 1124 523 1156 61
544 1120 658 1165 impositum
681 1133 725 1158 eum
748 1133 807 1166 super
830 1120 859 1158 iu-

97 1183 185 1214 mentum
201 1190 258 1214 suum
274 1176 358 1214 ducebat
373 1175 397 1213 ad
412 1175 512 1213 stabulum
528 1182 548 1213 et
563 1188 628 1213 curam
645 1176 688 1213 eius
703 1175 783 1214 habuit:
801 1181 826 1214 35
839 1185 859 1214 et

98 1234 160 1271 altera
171 1233 202 1271 die
212 1233 313 1280 proferens
325 1233 415 1270 denarios
426 1232 474 1270 duos
485 1238 506 1269 et
516 1232 571 1270 dedit
581 1232 687 1271 stabulario
699 1238 719 1270 et
729 1233 780 1271 dixit
788 1232 859 1271 Suram

97 1291 138 1327 eius
154 1290 210 1339 habe,
232 1297 252 1328 et
267 1290 396 1336 quodcunque
412 1290 583 1336 supererogaveris
598 1290 619 1326 in
641 1289 740 1327 redeundo
764 1303 798 1337 ego
821 1290 858 1328 tibi

96 1347 182 1386 reddam.
215 1351 240 1386 36
258 1345 307 1392 Quis
323 1360 368 1393 ergo
383 1346 452 1384 horum
469 1346 530 1384 trium
542 1346 621 1384 videtur
636 1346 673 1384 tibi
688 1346 788 1393 proximus
796 1347 858 1385 fuisse

97 1404 126 1442 illi
141 1405 174 1451 qui
189 1405 210 1442 in
225 1404 310 1442 latrones
326 1403 436 1441 inciderat?
449 1445 451 1450 ¹
469 1403 494 1441 31
510 1402 547 1441 Ille
563 1410 630 1441 autem
645 1403 697 1441 dixit
712 1401 751 1448 Qui
766 1404 859 1442 misertus

97 1467 128 1498 est
143 1462 191 1500 eius.
218 1459 255 1499 Oui
279 1461 329 1498 dixit
346 1459 403 1497 lesus
419 1459 475 1497 Vade
499 1466 519 1496 et
542 1466 565 1497 tu
587 1460 618 1497 fae
639 1460 731 1497 similiter
753 1467 774 1497 et
796 1461 857 1499 11166.
900 1456 905 1460 ’

98 1521 123 1555 38
140 1517 223 1555 Factum
242 1523 273 1555 est
288 1523 353 1555 autem
369 1516 461 1554 euntibus
477 1516 511 1566 eis,
528 1517 605 1563 etipse
621 1517 711 1554 introivit
726 1517 747 1554 in
762 1517 859 1562 quoddam

96 1575 205 1624 castellum,
228 1575 299 1612 mulier
321 1580 387 1612 nutem
410 1574 500 1619 quaedam
522 1574 599 1611 nomine
619 1573 700 1611 Martha
721 1575 799 1620 excepit
814 1588 858 1612 eum

96 1635 116 1670 in
142 1632 220 1671 domum
246 1646 305 1672 suam.
346 1636 371 1670 39
403 1630 431 1668 Et
455 1631 502 1669 huic
528 1644 583 1669 soror
608 1637 651 1669 erat
676 1631 727 1678 quod
751 1632 858 1670 vocabatur

96 1690 166 1741 Maria,
182 1691 225 1729 lraec
250 1690 320 1728 sedens
346 1689 370 1727 ad
395 1688 454 1735 pedes
480 1688 554 1726 domini
579 1688 671 1727 audiebat
695 1688 776 1727 verbum
804 1690 856 1740 eius;

96 1751 122 1786 40
139 1748 219 1785 Martha
234 1754 299 1785 autem
314 1746 421 1785 vocabatur
436 1747 487 1784 eirca
507 1746 591 1783 multum
613 1747 743 1784 ministerium
767 1752 787 1784 et
811 1749 858 1785 assi-

95 1812 148 1843 616116
164 1806 191 1843 611
202 1805 292 1853 Domine,
308 1817 347 1841 non
362 1803 386 1841 ad
401 1809 421 1840 te
437 1803 524 1849 pertinet
535 1803 580 1849 quia
596 1816 651 1841 66161
660 1816 704 1841 mea
719 1803 814 1849 relinquit
826 1818 857 1842 me

95 1861 155 1899 solam
171 1862 298 1899 ministrare?
321 1860 352 1898 dic
368 1873 413 1906 ergo
429 1860 458 1896 illi
473 1865 496 1896 ut
511 1873 541 1897 me
557 1855 643 1898 adiuvet.
674 1863 699 1897 41
728 1859 857 1906 Respondens

94 1925 160 1956 autem
176 1918 227 1956 dixit
250 1917 351 1955 1111166116
367 1916 454 1965 Martha
477 1915 563 1965 Martha,
588 1916 672 1954 sollicita
692 1929 712 1953 es
735 1922 756 1954 et
778 1923 856 1954 contur-

94 1975 147 2014 baris
163 1988 208 2022 erga
223 1975 317 2024 plurima3
334 1976 360 2011 42
377 1972 441 2010 Maria
457 1973 550 2018 optimam
570 1979 646 2019 partem
669 1972 734 2021 elegit,
751 1986 795 2020 quae
819 1987 857 2012 non

96 2032 198 2069 auferetur
213 2032 236 2069 ab
252 2044 280 2069 ea.

153 2085 188 2131 Xl.
222 2093 231 2126 1
252 2087 280 2126 Et
295 2088 368 2125 factum
392 2093 423 2125 est
445 2099 489 2126 oum
512 2094 565 2124 esset
586 2086 643 2125 lesus
666 2087 687 2125 in
708 2087 750 2125 loeo
773 2088 857 2135 quodam

95 2160 159 2194 orans,
176 2153 196 2184 et
211 2152 234 2184 ut
249 2145 331 2195 quierit,
342 2144 393 2182 dixit
407 2157 458 2182 unus
474 2156 499 2182 61
509 2143 610 2190 discipulis
622 2145 699 2182 eiusad
711 2158 754 2182 eum
765 2144 856 2194 Domine,

96 2204 142 2242 doee
159 2217 193 2242 nos
209 2216 272 2249 orare,
288 2203 341 2240 sicut
355 2200 453 2239 Iohannes
469 2200 536 2238 docuit
551 2201 657 2248 discipulos
673 2215 725 2240 suos.
757 2206 769 2239 2
799 2201 857 2240 Dixit

96 2274 141 2308 crgo
165 2261 205 2299 illis
235 2259 285 2299 Oum
308 2259 376 2304 oratis
404 2258 464 2295 dicite
486 2257 547 2295 Pater
569 2265 637 2296 sancte
660 2259 693 2304 qui
716 2259 736 2296 in
759 2258 812 2296 caelis
835 2272 856 2296 es

95 2319 228 2356 sanctificetur
248 2328 318 2356 nomen
340 2321 405 2353 tuum:
428 2314 520 2353 adveniat
537 2329 617 2362 regnum
633 2322 689 2354 tuum
703 2316 751 2353 Fiat
765 2315 856 2353 voluntas

95 2383 129 2413 tua
144 2377 196 2413 sicut
211 2374 288 2413 incaelo
305 2379 326 2411 et
337 2373 358 2410 in
373 2379 434 2410 terra:
452 2377 543 2419 &panem
554 2380 642 2411 nostrum
654 2373 773 2411 cotidianum
785 2372 809 2410 da
824 2386 856 2411 no·

94 2432 124 2470 bis
140 2433 199 2471 lrodie
229 2435 241 2469 4
265 2437 285 2469 et
300 2430 378 2468 dimitte
394 2429 449 2467 nobis
465 2429 531 2468 debita
548 2437 621 2477 nostra,
639 2431 692 2468 sicut
707 2436 727 2467 ct
742 2443 776 2467 nos
792 2430 856 2468 dimit-

95 2490 154 2528 timus
183 2488 305 2528 debitoribus
330 2487 412 2525 nostris:
442 2493 462 2524 et
488 2500 512 2525 ne
535 2488 615 2526 inducas
638 2500 673 2525 nos
700 2487 721 2525 in
743 2488 857 2534 temptacio-

95 2561 144 2588 nem,
176 2547 216 2586 Sed
230 2546 292 2585 libera
307 2558 342 2583 nos
359 2558 370 2582 a
385 2544 442 2582 malo.
474 2549 484 2583 5
508 2544 536 2583 Et
559 2546 588 2583 ait
607 2544 664 2584 Iesus
681 2542 730 2590 Quis
754 2557 778 2583 61
799 2545 855 2584 vobis

94 2604 175 2643 habebit
191 2605 281 2650 amicum,
297 2608 318 2640 et
332 2602 391 2640 radet
407 2601 431 2639 ad
446 2601 501 2640 illum
517 2602 581 2640 media
596 2609 654 2641 nocte
670 2608 690 2640 et
701 2602 753 2640 dicet
761 2602 785 2640 ad
800 2602 855 2641 illum

94 2662 170 2711 Amice,
187 2662 287 2700 commoda
302 2659 351 2697 mihi
367 2663 407 2697 tres
422 2670 489 2709 panes,
522 2665 532 2698 6
557 2661 649 2706 quoniam
670 2660 744 2697 amicus
759 2660 808 2697 milri
824 2660 856 2697 ad-

94 2719 149 2757 venit
165 2719 188 2757 de
209 2720 241 2757 via
257 2718 281 2757 ad
296 2730 327 2755 me
343 2722 363 2755 et
378 2729 416 2754 non
432 2716 493 2755 habeo
510 2717 562 2763 quod
577 2717 606 2755 illi
622 2729 726 2766 opponam;
752 2719 762 2755 7
786 2724 807 2755 61
821 2716 855 2755 1116
