1837 2928
46 60 65 94 C.
79 60 95 93 7.
402 60 446 93 Luc.
780 59 806 98 77

45 197 79 223 rus
94 197 115 223 es
131 185 228 224 analium
244 187 357 231 speramus?
388 189 413 223 21
444 183 469 222 In
484 183 518 222 illa
539 184 588 223 hora
603 185 674 224 multos
698 184 775 223 curavit
794 197 806 222 a

44 241 171 289 languoribus
187 243 227 280 suis
243 247 290 280 eta
312 241 425 281 verberibus
449 246 469 279 et
488 240 544 279 malis
567 241 677 288 spiritibus,
701 247 721 279 et
743 252 805 279 caecos

44 299 117 337 multos
132 298 218 337 faciebat
232 299 305 339 videre.
337 303 363 337 22
379 298 407 336 Et
421 298 541 344 respondens
549 297 605 336 Iesus
621 298 672 336 dixit
682 298 805 336 illishluntes

44 356 158 394 renunciate
172 356 256 395 Iohanni
271 368 315 404 quae
329 355 410 394 vidistis
426 360 446 393 et
461 355 551 404 audistis
575 354 623 393 caeci
644 355 718 403 vident,
741 355 805 393 claudi

45 412 151 459 ambulant
166 412 239 460 leprosi
247 414 372 462 mundantur,
388 412 443 450 surdi
458 411 547 462 audiunt,
555 412 629 450 mortui
640 417 750 460 resurgunt,
759 425 806 458 pau·

44 482 100 516 peres
116 470 284 517 evangelizantur:
304 474 329 508 23
347 474 367 507 ct
381 469 450 508 beatus
466 469 577 516 quicunque
587 482 626 507 non
641 468 806 507 scandalizabitur

44 527 64 564 in
79 540 116 565 me.
147 531 174 565 24
191 526 240 566 Sum
255 527 393 566 discessissent
408 531 472 564 autem
488 526 555 564 nuncii
569 525 671 573 Iohannis,
696 525 761 572 coepit
776 524 806 563 Ie-

44 596 77 621 sus
94 583 159 622 dicere
174 584 198 622 ad
213 584 281 624 turbas
305 585 328 622 de
343 583 432 622 Iohanne
448 580 501 629 Quid
521 583 590 621 existis
612 583 633 621 in
656 583 757 621 desertum
778 582 806 621 vi-

44 640 106 678 dere?
121 642 237 680 arundinem
251 646 310 680 vento
327 640 409 688 agitari?
431 645 456 678 25
474 638 513 679 Sed
529 640 576 686 quid
591 640 661 679 existis
676 640 757 678 videre?
772 639 806 678 ho-

43 698 116 735 minem
138 697 228 737 mollibus
251 699 360 736 vestitum?
386 710 430 736 ecce
458 697 492 745 qni
519 696 610 735 mollibus
632 698 751 746 vestiuntur,
784 697 805 735 in

44 754 133 793 domibus
148 768 217 802 regum
232 761 284 793 sunt.
315 759 341 793 23
358 752 398 793 Sed
413 753 461 801 quid
476 753 545 792 existis
560 753 642 792 videre?
671 754 805 800 prophetam?

43 812 112 860 utique
128 812 172 850 dico
186 812 249 857 vobis,
266 811 349 858 amplius
365 824 423 857 quam
438 810 541 857 propheta.
572 811 598 849 27
620 809 666 857 Ipse
682 816 713 849 est
728 810 751 848 de
767 822 805 855 quo

44 869 139 915 scriptum
154 874 185 906 est
200 869 252 907 Ecce
267 869 325 906 mitto
341 867 431 915 angelum
446 881 510 905 meum
526 874 571 905 ante
593 867 664 905 faciem
687 873 748 917 tuam,
772 867 806 913 qui

43 924 164 972 praeparabit
178 926 230 964 viam
245 932 300 963 tuam
315 931 360 963 ante
376 931 402 963 te.
426 928 452 962 28
469 925 520 963 Dico
531 929 596 962 autem
611 924 673 973 vobis,
690 922 741 970 Quia
749 937 806 962 nemo

43 983 96 1020 inter
120 988 177 1021 natos
202 983 305 1021 mulierum
330 983 392 1020 maior
416 981 504 1020 Iohanne
530 981 628 1034 baptista3
659 983 692 1027 qui
712 981 805 1020 minimus

44 1044 75 1077 est
90 1045 155 1078 autem
171 1041 192 1078 in
207 1053 267 1087 regno
282 1040 320 1086 dei,
336 1040 399 1077 maior
414 1046 445 1077 est
459 1038 500 1079 illo.
531 1043 556 1077 29
588 1038 616 1077 Et
640 1040 703 1077 omnis
720 1037 805 1086 populus

44 1108 88 1134 cum
103 1096 193 1135 audisset
208 1102 228 1135 et
242 1096 343 1144 publicani
356 1096 513 1134 iustificaverunt
528 1095 591 1145 deum,
615 1095 711 1142 baptizati
732 1095 806 1142 baptis-

43 1166 96 1191 mum
111 1153 215 1192 Iohannis:
249 1157 274 1192 30
297 1153 396 1191 Pharisaei
410 1159 476 1190 autem
492 1158 512 1190 et
526 1153 574 1200 legis
590 1153 680 1191 doctores
703 1153 805 1191 consilium

44 1210 76 1248 dei
91 1210 208 1257 spreverunt
223 1210 244 1248 in
259 1223 279 1249 se
295 1222 338 1248 cnm
353 1224 393 1249 non
408 1209 584 1256 essentbaptiaati.
602 1214 626 1248 31
644 1208 682 1249 Sui
697 1223 742 1257 ergo
758 1210 805 1247 assi-

43 1266 115 1306 milabo
130 1268 219 1306 homines
234 1267 368 1316 generacionis
383 1267 448 1317 huius,
465 1266 497 1305 cui
512 1272 558 1305 sunt
573 1266 661 1306 similes?
685 1271 711 1305 32
727 1265 806 1305 Similes

44 1330 90 1363 suut
105 1325 171 1371 pueris
186 1325 207 1363 in
222 1324 266 1364 foro
281 1324 407 1364 sendentibus
423 1331 443 1362 et
458 1324 587 1363 clamantibus
603 1324 628 1362 ad
642 1325 726 1363 invicem
742 1323 806 1362 dicen-

42 1381 96 1420 tibus
113 1380 239 1420 Santavimus
256 1382 312 1420 vobis
328 1388 349 1420 et
363 1395 402 1420 non
417 1381 511 1431 saltastis⁷
526 1381 637 1429 planximus
653 1388 673 1420 et
688 1395 726 1420 non
741 1382 805 1427 plora·

43 1439 85 1477 stis.
119 1443 143 1477 33
177 1438 240 1477 Venit
263 1438 361 1478 Iohannes
386 1438 473 1485 baptista
501 1451 564 1485 neque
592 1438 711 1477 manducans
741 1450 805 1484 neque

42 1495 118 1543 bibens,
136 1502 157 1534 et
172 1496 238 1534 dicitis
253 1496 377 1535 Daemonium
391 1495 460 1535 habet:
478 1498 504 1533 34
520 1496 575 1534 venit
589 1496 641 1534 filius
650 1496 736 1534 hominis
751 1508 803 1533 man-

43 1553 115 1591 ducans
131 1558 152 1591 et
166 1552 242 1604 bibens,
265 1560 286 1591 et
301 1553 367 1591 dicitis
381 1552 433 1591 Ecce
448 1553 507 1592 homo
527 1564 588 1592 vorax
611 1560 631 1591 et
653 1554 695 1592 vini
716 1558 802 1602 potator,

43 1611 117 1648 amicus
132 1609 280 1657 publicanorum
296 1616 315 1649 ot
330 1615 461 1657 peccatorum.
493 1614 518 1648 35
542 1609 570 1648 Et
584 1610 692 1649 iustificata
707 1615 738 1648 est
753 1610 802 1656 sapi-

43 1668 98 1705 encia
113 1667 137 1706 ah
153 1667 242 1707 omnibus
258 1668 303 1705 filiis
319 1668 366 1706 suis.
399 1672 423 1705 36
449 1667 537 1715 Rogavit
557 1672 621 1705 autem
645 1668 702 1705 illum
723 1667 802 1713 quidam

43 1724 67 1762 de
82 1724 192 1762 Pharisaeis
207 1730 230 1762 ut
244 1724 371 1762 manducaret
386 1737 430 1762 cum
445 1723 487 1762 illo:
509 1729 529 1762 et
543 1725 642 1771 ingressus
658 1724 737 1762 domum
751 1724 802 1762 Pha-

42 1781 97 1820 risaei
112 1780 208 1820 recubuit.
227 1782 252 1820 37
268 1782 297 1820 Ilt
312 1794 356 1820 eece
371 1781 442 1819 mulier
457 1793 501 1827 quae
517 1786 560 1819 erat
574 1781 684 1820 incivitate
694 1781 800 1831 peccatrix,

43 1851 87 1876 eum
107 1839 230 1885 cognovisset
252 1839 344 1884 quoniam
366 1839 387 1876 in
410 1838 466 1876 domo
489 1837 588 1877 Pharisaei
615 1839 706 1877 recubuit
733 1837 802 1876 attulit

43 1895 163 1934 alabastrum
180 1897 282 1947 unguenti,
310 1898 335 1933 38
367 1901 387 1933 et
409 1900 463 1933 stans
483 1901 537 1934 retro
560 1895 585 1933 ad
607 1895 666 1942 pedes
688 1896 730 1933 eius
753 1895 801 1933 flens

42 1952 128 1991 lacrimis
144 1952 185 1991 suis
200 1952 250 1991 lavit
264 1952 324 2000 pedes
340 1954 382 1990 eius
398 1958 418 1991 et
433 1952 508 1999 capillis
524 1953 595 1999 capitis
616 1953 648 1991 sui
663 1952 759 2003 tergebat
783 1957 803 1990 et

43 2009 169 2048 osculabatur
183 2010 243 2056 pedes
258 2011 300 2048 eius
317 2015 337 2048 et
352 2009 438 2057 ungebat
457 2016 562 2059 unguento,
594 2015 619 2048 39
646 2009 721 2048 Videns
738 2015 803 2048 autem

42 2065 156 2104 Pharisaeus
173 2067 207 2113 qui
222 2080 267 2105 eum
289 2067 413 2114 invitaverat,
440 2066 492 2104 dixit
512 2067 564 2113 apud
586 2067 714 2114 semetipsum
737 2066 802 2105 dicens

43 2121 83 2160 Hic
97 2123 115 2160 si
131 2130 183 2161 esset
197 2124 300 2172 propheta,
324 2124 384 2161 sciret
398 2123 483 2161 forsitan
498 2136 543 2168 quae
558 2124 629 2162 mulier
654 2130 674 2162 et
693 2123 756 2170 qualis
772 2132 804 2162 est

26 2205 27 2208 =
43 2191 87 2225 qiiae
103 2193 147 2217 cum
163 2180 235 2229 tetigit,
252 2181 298 2225 quia
312 2180 413 2227 peccatrix
428 2185 464 2220 est.
480 2182 507 2219 40
523 2179 551 2218 Ilt
565 2182 673 2228 respiciens
683 2180 741 2219 Iesus
752 2181 803 2219 dixit

44 2235 127 2276 Simoni:
145 2235 219 2284 Simon,
233 2237 296 2275 habeo
312 2236 350 2275 tibi
365 2237 440 2283 aliquid
451 2237 522 2276 dicere.
538 2237 575 2276 Ille
587 2245 653 2277 autem
663 2238 692 2276 ait
699 2237 800 2284 Magister,

43 2293 80 2334 dic.
111 2294 168 2332 Dixit
183 2307 228 2341 ergo
243 2293 311 2332 Iesus:
337 2297 362 2331 41
387 2293 432 2332 Duo
449 2294 548 2333 debitores
563 2301 620 2334 erant
635 2295 711 2334 cuidam
726 2295 802 2332 fenera-

43 2351 89 2397 tori,
113 2357 133 2389 et
154 2364 205 2390 unus
226 2350 310 2390 debebat
332 2351 422 2389 denarios
444 2352 566 2402 quingentos,
587 2353 636 2391 alius
658 2358 723 2390 autem
746 2352 803 2390 dena-

43 2408 83 2446 rios
98 2407 122 2447 L.
146 2411 172 2446 42
199 2407 286 2447 Etcum
300 2421 339 2446 non
354 2407 450 2447 haberant
464 2410 516 2448 unde
532 2410 644 2459 redderent,
664 2410 754 2455 utrisque
771 2408 803 2447 do-

42 2466 103 2503 navit.
135 2464 260 2513 Quisiguur
276 2464 379 2511 sumplus
402 2466 489 2504 amavit?
520 2469 545 2505 43
576 2467 705 2514 Respondens
735 2465 803 2504 Simon

43 2521 94 2559 dixit
108 2522 203 2562 Arbitror
218 2523 264 2569 quia
279 2523 311 2561 cui
325 2522 369 2570 plus
385 2522 483 2563 donavit>
495 2524 542 2570 Ipse
558 2525 624 2571 itaque
641 2524 692 2562 dixit
707 2524 725 2561 ei
739 2523 802 2561 Recte

42 2578 142 2617 iudicasti.
172 2581 201 2618 Et
226 2592 330 2618 conversus
345 2578 370 2617 ad
385 2579 487 2618 mulierem
509 2581 560 2619 dixit
575 2580 642 2620 Simon
657 2580 719 2633 Vides
744 2580 803 2617 istam

42 2636 159 2674 mulierem?
174 2637 291 2676 introiviiu
306 2637 384 2675 domum
400 2643 464 2683 tuam3
480 2651 550 2685 aquam
565 2638 647 2685 pedibus
662 2638 711 2676 meis
722 2651 761 2676 non
772 2637 803 2676 de·

44 2692 102 2731 disti:
128 2693 172 2732 haec
187 2700 253 2732 autem
268 2694 353 2733 lacrimis
370 2693 410 2733 suis
426 2693 476 2733 lavit
489 2695 549 2742 pedes
565 2708 619 2734 meos
635 2700 655 2733 et
670 2694 747 2742 capillis
762 2696 803 2733 suis

43 2751 132 2790 extersit.
157 2752 182 2789 45
200 2750 295 2791 Osculum
305 2751 354 2790 mihi
364 2764 403 2790 non
413 2751 495 2791 dedisti:
506 2753 550 2792 haec
561 2759 626 2791 autem
637 2764 661 2791 ex
672 2764 711 2798 quo
721 2753 804 2792 introivi
