1837 2928
48 57 71 92 0.
84 56 102 91 4.
395 52 452 89 Marc.
784 59 810 95 45

48 184 137 222 videntes
153 182 235 221 videant
249 185 270 218 et
291 193 330 219 non
352 180 438 228 videant,
462 187 483 219 et
505 179 608 218 audientes
631 180 713 219 audiant
736 186 757 219 et
771 194 811 220 non

48 240 165 288 intelligant,
189 236 292 283 nequando
317 243 458 276 convertantur
480 243 501 275 et
520 238 648 275 remittantur
671 239 699 275 eis
721 245 809 284 peccata.

51 302 75 335 13
91 296 120 335 Et
135 296 163 333 ait
177 294 216 332 illis
232 293 319 332 Nescitis
334 294 447 341 parabolam
462 294 528 346 istam,
547 299 568 331 et
583 293 679 340 quomodo
695 308 761 333 omnes
776 308 810 342 pa-

48 353 124 392 rabolas
140 351 275 398 cognoscetis?
293 353 318 388 14
334 349 374 396 Qui
388 352 476 398 loquitur
490 351 572 390 verbum
587 352 629 397 ipse
639 357 669 388 est
678 352 808 396 quiseminat.

50 416 74 449 15
91 409 120 448 Η1
135 416 201 447 autem
216 408 250 454 qui
265 408 386 447 seminantur
401 409 453 447 circa
468 406 521 448 viam
536 408 575 454 ipsi
590 413 635 446 sunt
657 409 692 454 qui
707 408 809 456 negligunt

47 466 128 507 verbum
139 466 268 513 suscipientes
279 472 354 504 etcum
370 465 475 515 audierint,
490 465 545 504 venit
560 464 665 503 confestim
680 465 773 503 sathanas
789 473 810 504 ct

47 524 125 563 auferet
139 523 220 563 verbum
236 523 288 570 qued
303 523 420 562 seminatum
436 528 467 561 est
481 523 502 561 in
517 523 552 561 eis.
584 527 608 560 11
632 521 661 560 Et
676 522 697 560 hi
713 528 760 561 sunt
775 524 808 570 qui

48 581 139 620 seminati
154 586 201 619 sunt
215 593 275 627 super
289 584 374 629 petrosa,
392 581 426 626 qui
441 593 484 619 eum
500 579 600 618 audierint
613 579 695 618 verbum
711 591 810 627 cumgau-

48 639 80 677 dio
96 638 195 686 accipiunt
209 637 266 688 illud,
289 640 314 676 17
330 645 351 676 et
365 650 404 676 non
418 637 492 677 habent
513 637 598 675 radicem
621 637 642 675 in
664 650 685 675 se
707 637 742 675 scd
763 643 810 676 sunt

48 696 172 746 temporales,
186 695 257 733 deinde
272 700 316 732 orta
331 694 460 733 tribulacione
484 700 504 732 et
518 694 656 741 persecutione
672 700 753 741 propter
768 708 809 733 ver-

47 752 93 791 bum
109 752 212 791 confestim
227 750 390 790 scandalizantur.
408 755 433 790 18
449 752 477 790 Et
492 751 526 789 alii
537 751 599 798 quiin
607 751 669 797 spinis
677 752 808 793 seminantur:

48 810 69 848 hi
84 815 131 848 sunt
145 809 179 855 qui
194 807 275 847 verbum
290 808 378 857 audiunt
397 813 421 847 19
439 814 460 846 11
474 807 641 846 sollicitudinibus
663 808 712 846 victi
735 815 755 846 11
778 809 810 847 de-

48 866 188 904 lectacionibus
203 865 271 903 mundi
291 865 396 904 abalienati
418 865 502 904 offocant
524 864 611 913 verbum,
635 871 655 903 et
678 866 720 903 sine
742 865 810 904 fructu

48 924 167 962 efficiuntur.
194 927 219 961 20
235 922 300 961 Ethi
315 929 362 961 suut
377 923 411 970 qui
426 929 573 969 superterram
596 921 666 961 bonam
689 922 809 974 ceciderunt,

48 981 83 1028 qui
98 980 181 1019 audiunt
195 980 277 1019 verbum
293 986 313 1018 et
328 981 445 1030 suscipiunt,
475 985 495 1018 et
510 979 630 1017 fructificant
651 993 712 1018 unum
735 980 809 1019 tricesi-

48 1051 100 1076 mum
117 1044 138 1075 et
151 1051 212 1076 unum
227 1037 370 1084 sexagesimum
385 1043 406 1075 et
419 1050 480 1075 unum
496 1037 630 1075 centesimum.
647 1040 671 1074 21
689 1036 717 1075 Et
732 1037 810 1076 dicebat

47 1095 86 1133 illis
94 1094 190 1142 Nunquid
198 1094 310 1132 ascenditur
315 1094 395 1132 lucerna
404 1100 426 1132 ut
433 1093 469 1133 snb
477 1094 542 1131 modio
552 1099 637 1140 ponatur
648 1099 683 1132 aut
690 1094 725 1132 snb
740 1094 808 1133 lecto?

48 1151 84 1200 sed
94 1165 153 1198 supra
164 1150 301 1189 candelabrum
311 1153 406 1198 ponitur?
426 1155 453 1188 22
469 1150 514 1190 Non
525 1152 576 1189 enim
587 1157 617 1189 est
627 1151 701 1197 aliquid
710 1151 810 1190 abscondi-

47 1215 90 1247 tum
101 1208 153 1259 qnod
162 1221 201 1247 non
211 1208 356 1259 manifestetur,
367 1221 403 1246 nec
412 1207 487 1246 factum
498 1208 594 1246 occultum
607 1208 659 1256 quod
669 1222 707 1246 non
717 1209 737 1246 in
745 1208 809 1255 palam

47 1266 120 1304 ueniat.
142 1270 167 1304 23
185 1263 224 1310 Qui
234 1265 294 1304 habet
304 1278 361 1303 aures
372 1265 470 1312 audiendi,
482 1264 556 1303 audiat.
573 1267 599 1303 24
615 1265 723 1303 Etiterum
732 1265 809 1305 dicebat

48 1323 88 1361 illis
98 1322 156 1361 Iesus
166 1322 239 1360 Videte
254 1322 302 1370 quid
316 1322 414 1360 audiatis:
430 1322 450 1360 in
465 1334 503 1370 qua
513 1335 605 1360 mensura
617 1323 680 1360 mensi
695 1322 774 1361 fueritis
788 1324 808 1362 111

48 1379 116 1418 eadem
127 1380 244 1418 remetietur
256 1379 318 1429 vobis,
336 1386 357 1417 et
371 1379 488 1426 adiungetur
501 1379 563 1418 vobis.
582 1383 608 1417 25
626 1376 665 1425 Qui
680 1381 732 1418 enim
741 1380 808 1427 habet,

47 1436 127 1475 dabitur
137 1436 166 1475 illi
177 1442 196 1475 et
207 1437 241 1484 qui
251 1449 289 1475 non
299 1436 359 1476 habet
370 1442 390 1475 et
406 1437 458 1482 quod
467 1436 528 1475 habet
540 1436 642 1474 auferetur
653 1437 726 1476 abillo.
740 1442 766 1476 23
780 1437 809 1475 Et

46 1493 126 1533 dicebat
139 1493 172 1532 Sic
186 1501 217 1532 cst
230 1507 311 1541 regnum
330 1493 368 1544 dei7
384 1493 546 1539 quemadmodum
560 1494 577 1532 si
591 1494 649 1532 homo
662 1494 729 1532 mit-tat
741 1507 807 1533 semen

46 1556 192 1601 superterram,
209 1551 235 1589 21
247 1557 267 1589 11
277 1551 362 1589 dormiat
372 1557 392 1589 et
402 1563 469 1589 semen
479 1557 546 1598 surgat
556 1550 608 1588 diem
619 1556 639 1589 et
653 1557 730 1590 noctem
738 1556 759 1590 11
766 1565 807 1598 ger-

45 1609 108 1646 minet
123 1615 143 1646 et
158 1613 234 1646 crescat
249 1608 295 1646 dum
310 1608 374 1646 nescit
389 1607 429 1646 ille.
446 1611 472 1646 28
488 1607 547 1647 Ultro
563 1609 614 1646 enim
630 1615 684 1646 terra
699 1608 807 1647 fructificat

46 1665 131 1711 primum
146 1665 226 1704 herbam
243 1664 313 1703 deinde
329 1665 407 1713 spicam¹
433 1664 503 1703 deinde
525 1664 605 1711 plenum
627 1666 716 1703 triticum
738 1667 805 1713 spicae.

46 1726 72 1761 29
89 1721 117 1760 Et
131 1735 175 1760 cum
185 1722 292 1760 mutaverit
306 1722 398 1767 fructum,
414 1721 481 1760 mittet
495 1721 564 1760 falcem
581 1723 672 1768 quoniam
687 1722 744 1760 adest
758 1736 807 1761 mes-

45 1779 79 1817 sis.
97 1782 122 1817 30
138 1778 166 1817 Et
181 1778 259 1817 dicebat
275 1777 311 1817 Oui
334 1778 462 1817 similabimus
485 1792 565 1825 regnum
586 1779 625 1824 dei,
648 1786 683 1817 aut
705 1781 726 1818 in
748 1792 806 1826 quam

45 1836 158 1882 parabolam
181 1835 309 1874 similabimus
331 1835 394 1873 illud?
426 1840 450 1874 31
475 1834 544 1874 Simile
560 1840 591 1874 est
605 1849 686 1883 regnum
707 1837 739 1875 dei
754 1837 806 1875 sicut

44 1906 126 1939 granum
142 1893 223 1942 sinapis,
244 1892 354 1939 quodcum
370 1892 487 1931 seminatum
510 1898 540 1931 est
562 1894 583 1931 in
605 1899 664 1944 terra
687 1895 752 1932 minus
775 1900 806 1933 est

45 1950 135 1989 omnibus
151 1949 258 1988 seminibus
274 1963 318 1996 quae
334 1956 380 1988 sunt
402 1950 423 1988 in
445 1955 505 1999 terra,
529 1954 555 1988 32
579 1956 599 1988 11
621 1950 656 1990 ubi
678 1951 764 1990 creuerit
783 1951 807 1990 fit

45 2006 107 2045 malus
123 2006 213 2046 omnibus
235 2006 335 2046 holeribus
351 2012 372 2045 et
386 2006 435 2044 facit
449 2020 514 2046 ramos
529 2020 615 2058 magnos,
639 2009 668 2046 ita
689 2014 713 2046 ut
729 2009 807 2056 possint

44 2063 81 2102 sub
104 2064 173 2103 umbra
195 2065 238 2102 eius
265 2077 310 2102 aves
333 2063 376 2102 caeli
399 2063 516 2102 inhabitare.
548 2069 573 2103 33
605 2064 686 2104 Talibus
708 2066 806 2112 parabolis

45 2120 163 2167 loquebatur
179 2121 204 2159 ad
219 2134 259 2170 eos,
275 2120 360 2167 qualiter
382 2126 474 2167 poterant
490 2122 569 2172 audirc3
594 2124 620 2159 34
643 2123 685 2161 sine
708 2123 806 2170 parabolis

44 2184 110 2216 autem
126 2191 165 2216 non
180 2177 297 2225 loquebatur
312 2178 337 2215 ad
352 2190 392 2226 eos,
408 2183 483 2216 secreto
496 2184 562 2217 autem
573 2178 674 2226 discipulis
690 2181 731 2218 suis
747 2179 806 2219 dissc-

44 2234 101 2274 rebat
116 2235 186 2275 omnia.
204 2239 229 2273 35
245 2234 273 2272 Et
288 2235 317 2272 ait
331 2234 370 2273 illis
378 2234 435 2273 lesus
450 2236 471 2273 in
486 2235 520 2274 illa
528 2235 559 2274 die
567 2249 610 2274 cum
618 2249 662 2274 sero
671 2243 724 2275 esset
731 2237 806 2275 factum

45 2291 175 2330 Transeamus
191 2296 265 2331 contra.
283 2296 308 2330 36
324 2290 352 2329 Et
367 2290 471 2330 dimittunt
486 2293 553 2332 turbas
569 2296 589 2331 et
604 2295 703 2341 accipiunt
718 2307 763 2332 eum
777 2295 806 2332 ita

43 2353 68 2387 ut
83 2350 160 2388 eratin
175 2350 227 2398 navi,
243 2355 264 2387 11
278 2348 322 2387 aliae
338 2362 397 2387 naves
413 2349 471 2388 simul
486 2355 543 2389 crant
553 2363 596 2388 oum
612 2351 652 2389 illo.
670 2354 695 2389 37
711 2350 739 2389 Et
753 2351 806 2390 facta

43 2411 76 2443 cst
90 2406 176 2452 procella
190 2419 259 2454 magna
280 2407 341 2455 uenti,
365 2410 385 2444 et
406 2406 477 2446 fluctus
500 2407 593 2446 mittebat
614 2409 635 2446 in
657 2408 708 2454 navi,
732 2409 761 2446 ita
783 2415 806 2447 ut

43 2462 160 2509 impleretur
175 2464 236 2503 navis.
262 2467 287 2502 38
310 2463 339 2501 Et
354 2469 397 2501 crat
411 2464 454 2510 ipse
470 2465 490 2502 in
505 2478 570 2512 puppe
586 2478 645 2512 super
661 2465 744 2505 cervical
761 2465 804 2504 dor·

44 2520 117 2559 miens:
146 2526 167 2559 et
189 2521 297 2560 excitantes
320 2531 363 2559 eum
386 2519 455 2559 dicunt
477 2522 496 2560 ei
517 2522 619 2572 Magister,
649 2535 688 2561 non
716 2528 747 2560 cst
768 2522 806 2561 tibi

44 2589 91 2614 cura
106 2578 198 2623 quoniam
212 2578 316 2625 perimus?
340 2581 365 2616 39
388 2576 417 2615 Et
435 2589 541 2626 exsurgens
557 2580 686 2618 comminatus
702 2587 732 2631 est
746 2585 805 2618 vento

42 2638 65 2670 ct
79 2634 130 2671 mari
145 2634 218 2683 dicens,
243 2633 368 2674 Obmutesce.
398 2634 427 2673 Et
449 2637 534 2674 cessavit
556 2643 634 2686 ventus,
658 2643 678 2675 ct
700 2637 753 2675 facta
775 2644 806 2676 est

43 2690 177 2738 tranquillitas
192 2706 266 2740 magna.
291 2694 317 2730 40
338 2691 366 2729 Et
381 2692 409 2730 ait
423 2692 463 2730 illis
479 2691 533 2739 Quid
547 2694 613 2732 timidi
636 2694 697 2732 estis?
720 2694 805 2734 nondum

42 2747 101 2785 fidem
116 2748 208 2787 habet-is?
223 2750 252 2788 Et
267 2750 376 2787 timuerunt
391 2750 462 2788 timore
477 2764 554 2802 magno,
577 2758 597 2789 et
612 2750 704 2790 dicebant
719 2752 744 2790 ad
759 2751 806 2790 alte-
